/Users/franvillamil/Documents/bib/REF.bib