%% This BibTeX bibliography file was created using BibDesk.
%% https://bibdesk.sourceforge.io/

%% Created for Fran Villamil at 2021-06-07 11:50:38 +0200


%% Saved with string encoding Unicode (UTF-8)



@misc{Gogora:2020aa,
	author = {Gogora},
	date-added = {2021-03-18 13:14:30 +0100},
	date-modified = {2021-03-18 14:05:59 +0100},
	howpublished = {Gogora: Instituto de la Memoria, la Convivencia y los Derechos Humanos, Eusko Jaurlaritza. Available online at: https://bit.ly/3s1cJUP (accessed 18/03/2021)},
	title = {{V{\'\i}ctimas mortales de la guerra civil en Euskadi}},
	year = {2020}}

@misc{Gogora:2019aa,
	author = {Gogora},
	date-added = {2021-03-17 13:09:42 +0100},
	date-modified = {2021-03-17 13:11:39 +0100},
	howpublished = {Secretar{\'\i}a General de Derechos Humanos, Convivencia y Cooperaci{\'o}n, Gogora: Instituto de la Memoria, la Convivencia y los Derechos Humanos, C{\'a}tedra UNESCO de Derechos Humanos y Poderes P{\'u}blicos UPV/EHU, Sociedad de Ciencias Aranzadi. Bilbao, July 2019.},
	title = {{Primera fase del Informe-base de violaciones de derechos humanos en Euskadi durante la Guerra Civil y el Franquismo: V{\'\i}ctimas mortales durante la Guerra Civil y el primer franquismo (1936-1945)}},
	year = {2019}}

@article{Kalyvas:2004aa,
	author = {Kalyvas, Stathis N},
	date-added = {2021-03-15 13:30:02 +0100},
	date-modified = {2021-03-15 13:30:03 +0100},
	journal = {Security Studies},
	number = {3},
	pages = {160--190},
	publisher = {Taylor \& Francis},
	title = {The urban bias in research on civil wars},
	volume = {13},
	year = {2004}}

@incollection{Walden:2020aa,
	author = {Walden, Jacob and Zhukov, Yuri M},
	booktitle = {Oxford Research Encyclopedia of Politics},
	date-added = {2021-03-08 18:01:10 +0100},
	date-modified = {2021-03-08 18:01:13 +0100},
	title = {Historical Legacies of Political Violence},
	year = {2020}}

@article{Armstrong:2020aa,
	author = {Armstrong, David A and Davenport, Christian and Stam, Allan},
	date-added = {2021-03-08 17:40:55 +0100},
	date-modified = {2021-03-08 17:40:57 +0100},
	journal = {Journal of genocide research},
	number = {1},
	pages = {104--111},
	publisher = {Taylor \& Francis},
	title = {Casualty estimates in the Rwandan genocide},
	volume = {22},
	year = {2020}}

@article{Kruger:2013aa,
	author = {Kr{\"u}ger, Jule and Ball, Patrick and Price, Megan and Green, Amelia Hoover},
	date-added = {2021-03-08 17:38:25 +0100},
	date-modified = {2021-03-08 17:38:27 +0100},
	journal = {Counting Civilian Casualties: An Introduction to Recording and Estimating Nonmilitary Deaths in Conflict},
	pages = {247--264},
	publisher = {Oxford University Press Oxford},
	title = {It doesn't add up. Methodological and policy implications of conflicting casualty data},
	year = {2013}}

@article{Balcells:2021aa,
	author = {Balcells, Laia and Stanton, Jessica A},
	date-added = {2021-03-08 17:36:24 +0100},
	date-modified = {2021-03-08 17:36:50 +0100},
	journal = {Annual Review of Political Science},
	publisher = {Annual Reviews},
	title = {Violence Against Civilians During Armed Conflict: Moving Beyond the Macro-and Micro-Level Divide},
	volume = {24},
	year = {2021}}

@article{Tur-Prats:2020aa,
	author = {Tur-Prats, Ana and Valencia Caicedo, Felipe},
	date-added = {2021-03-08 13:01:22 +0100},
	date-modified = {2021-03-08 13:01:25 +0100},
	publisher = {CEPR Discussion Paper No. DP15091},
	title = {The Long Shadow of the Spanish Civil War},
	year = {2020}}

@article{Schubiger:2021aa,
	author = {Schubiger, Livia I},
	date-added = {2021-03-04 10:53:34 +0100},
	date-modified = {2021-03-04 10:55:02 +0100},
	journal = {Journal of Politics},
	title = {{State violence and wartime civilian agency: Evidence from Peru}},
	volume = {forthcoming},
	year = {2021}}

@article{Osorio:2018aa,
	author = {Osorio, Javier and Schubiger, Livia I and Weintraub, Michael},
	date-added = {2021-03-04 10:49:07 +0100},
	date-modified = {2021-03-04 10:49:25 +0100},
	journal = {Journal of Peace Research},
	number = {2},
	pages = {252--266},
	publisher = {SAGE Publications Sage UK: London, England},
	title = {Disappearing dissent? Repression and state consolidation in Mexico},
	volume = {55},
	year = {2018}}

@article{Osorio:2021aa,
	author = {Osorio, Javier and Schubiger, Livia Isabella and Weintraub, Michael},
	date-modified = {2021-03-04 10:47:36 +0100},
	journal = {Comparative Political Studies},
	publisher = {SAGE Publications Sage CA: Los Angeles, CA},
	title = {Legacies of resistance: mobilization against organized crime in Mexico},
	volume = {forthcoming},
	year = {2021}}

@article{Rozenas:2019aa,
	author = {Rozenas, Arturas and Zhukov, Yuri},
	journal = {American Political Science Review},
	number = {2},
	pages = {569--583},
	title = {{Mass repression and political loyalty: Evidence from Stalin's `Terror by Hunger'}},
	volume = {113},
	year = {2019}}

@misc{Vazquez:2016aa,
	author = {V{\'a}zquez, Dolores},
	date-added = {2021-01-08 17:13:04 +0100},
	date-modified = {2021-01-08 17:14:00 +0100},
	howpublished = {{La Voz de Galicia}, July 7, 2016. Available at https://bit.ly/3q2fLqu (accessed 08/01/2020).},
	title = {{La Diputaci{\'o}n coru{\~n}esa retirar{\'a} los t{\'\i}tulos honor{\'\i}ficos a Francisco Franco}},
	year = {2016}}

@misc{Blanco-Elipe:2018aa,
	author = {Bl{\'a}nco Elipe, C{\'e}sar},
	date-added = {2021-01-08 17:08:46 +0100},
	date-modified = {2021-01-08 17:10:01 +0100},
	howpublished = {{\it El Norte de Castilla}, December 26, 2018. Available at: https://bit.ly/2XluaSi (accessed 08/01/2021).},
	title = {{La 'resistencia' segoviana a la Ley de Memoria Hist{\'o}rica}},
	year = {2018}}

@misc{El-Comercio:2016ab,
	author = {{El Comercio}},
	date-added = {2021-01-08 17:07:42 +0100},
	date-modified = {2021-01-08 17:08:22 +0100},
	howpublished = {{\it El Comercio}, October 27, 2016. Available at https://bit.ly/35oNd2N (accessed 08/01/2021)},
	title = {{El Principado instar{\'a} a los ayuntamientos a retirar la simbolog{\'\i}a franquista}},
	year = {2016}}

@misc{El-Comercio:2016aa,
	author = {{El Comercio}},
	date-added = {2021-01-08 17:05:31 +0100},
	date-modified = {2021-01-08 17:08:24 +0100},
	howpublished = {{\it El Comercio}, July 7, 2016. Available at https://bit.ly/3s4N1iT (accessed 08/01/2021)},
	title = {{El Ayuntamiento de Llanes, a juicio el lunes por la Ley de Memoria Hist{\'o}rica}},
	year = {2016}}

@misc{El-Norte-de-Castilla:2016aa,
	author = {{El Norte de Castilla}},
	date-modified = {2021-01-08 17:04:52 +0100},
	howpublished = {{\it El Norte de Castilla}, June 30, 2016. Available at: https://bit.ly/38qQhgJ (accessed 08/01/2021).},
	title = {{Olmedo es el primer Ayuntamiento condenado por no cumplir la Ley de la Memoria Hist{\'o}rica}},
	year = {2016}}

@book{Hayner:2001ab,
	address = {New York},
	author = {Hayner, Priscilla B},
	date-added = {2020-12-18 14:26:53 +0100},
	date-modified = {2020-12-18 14:27:18 +0100},
	publisher = {Routledge},
	title = {Unspeakable Truths: Confronting State Terror and Atrocity},
	year = {2001}}

@book{Nalepa:2010,
	address = {New York},
	author = {Nalepa, Monika},
	publisher = {Cambridge University Press},
	title = {Skeletons in the Closet: Transitional Justice in Post-Communist Europe},
	year = {2010}}


@misc{Martin:2020aa,
	author = {Irene Mart{\'\i}n and Marta Parad{\'e}s and Piotr Zag{\'o}rski},
	date-added = {2020-12-18 14:19:46 +0100},
	date-modified = {2020-12-18 14:20:43 +0100},
	howpublished = {Paper presented at the ECPR General Conference, 2020.},
	title = {{How the past influences the vote of the Radical Right Populist Parties in Germany, Poland and Spain}},
	year = {2020}}

@article{Capoccia:2020aa,
	author = {Giovanni Capoccia and Grigore Pop-Eleches},
	date-added = {2020-12-18 14:18:13 +0100},
	date-modified = {2020-12-18 14:19:04 +0100},
	journal = {Comparative Political Studies},
	number = {3--4},
	pages = {399-433},
	title = {Democracy and retribution: Transitional justice and regime support in postwar West Germany},
	volume = {53},
	year = {2020}}

@article{Loyle:2017aa,
	author = {Cyanne E Loyle and Benjamin J Appel},
	date-added = {2020-12-18 14:11:42 +0100},
	date-modified = {2020-12-18 14:12:29 +0100},
	journal = {International Studies Quarterly},
	number = {3},
	pages = {690---703},
	title = {Conflict Recurrence and Postconflict Justice: Addressing Motivations and Opportunities for Sustainable Peace},
	volume = {61},
	year = {2017}}

@article{Olsen:2010aa,
	author = {Olsen, Tricia D and Payne, Leigh A and Reiter, Andrew G},
	date-added = {2020-12-18 14:10:28 +0100},
	date-modified = {2020-12-18 14:10:29 +0100},
	journal = {Human Rights Quarterly},
	number = {4},
	pages = {980--1007},
	publisher = {HeinOnline},
	title = {The justice balance: When transitional justice improves human rights and democracy},
	volume = {32},
	year = {2010}}

@article{Goldsmith:2003aa,
	author = {Goldsmith, Jack and Krasner, Stephen D},
	date-added = {2020-12-18 13:58:05 +0100},
	date-modified = {2020-12-18 13:58:06 +0100},
	journal = {Daedalus},
	number = {1},
	pages = {47--63},
	publisher = {JSTOR},
	title = {The limits of idealism},
	volume = {132},
	year = {2003}}

@article{Snyder:2004aa,
	author = {Snyder, Jack and Vinjamuri, Leslie},
	date-added = {2020-12-18 13:57:40 +0100},
	date-modified = {2020-12-18 13:57:41 +0100},
	journal = {International security},
	number = {3},
	pages = {5--44},
	publisher = {MIT Press},
	title = {Trials and errors: Principle and pragmatism in strategies of international justice},
	volume = {28},
	year = {2004}}

@book{Daly:2011aa,
	author = {Daly, Erin and Sarkin, Jeremy},
	date-added = {2020-12-18 13:56:04 +0100},
	date-modified = {2020-12-18 13:56:05 +0100},
	publisher = {University of Pennsylvania Press},
	title = {Reconciliation in divided societies: Finding common ground},
	year = {2011}}

@article{Thoms:2010aa,
	author = {Thoms, Oskar NT and Ron, James and Paris, Roland},
	date-added = {2020-12-18 13:54:26 +0100},
	date-modified = {2020-12-18 13:54:27 +0100},
	journal = {International Journal of Transitional Justice},
	number = {3},
	pages = {329--354},
	publisher = {Oxford University Press},
	title = {State-level effects of transitional justice: what do we know?},
	volume = {4},
	year = {2010}}

@book{Scharf:1997aa,
	address = {Durham},
	author = {Scharf, Michael P},
	date-added = {2020-12-18 13:04:37 +0100},
	date-modified = {2020-12-18 13:05:24 +0100},
	publisher = {Carolina Academic Press},
	title = {Balkan Justice: The Story Behind the First International War Crimes Trial Since N{\"u}remberg},
	year = {1997}}

@article{Akhavan:1998aa,
	author = {Akhavan, Payam},
	date-added = {2020-12-18 12:52:31 +0100},
	date-modified = {2020-12-18 12:52:33 +0100},
	journal = {Human Rights Quarterly},
	number = {4},
	pages = {737--816},
	publisher = {JSTOR},
	title = {Justice in the Hague, peace in the former Yugoslavia? A commentary on the United Nations War Crimes Tribunal},
	volume = {20},
	year = {1998}}

@book{Hayner:2001aa,
	author = {Hayner, Priscilla B},
	date-added = {2020-12-18 12:51:46 +0100},
	date-modified = {2020-12-18 12:51:47 +0100},
	publisher = {Psychology Press},
	title = {Unspeakable truths: Confronting state terror and atrocity},
	year = {2001}}

@article{Mendeloff:2004aa,
	author = {Mendeloff, David},
	date-added = {2020-12-18 12:45:25 +0100},
	date-modified = {2020-12-18 12:45:27 +0100},
	journal = {International studies review},
	number = {3},
	pages = {355--380},
	publisher = {Blackwell Publishing Oxford, UK},
	title = {Truth-seeking, truth-telling, and postconflict peacebuilding: Curb the enthusiasm?},
	volume = {6},
	year = {2004}}

@article{Millar:2015aa,
	author = {Millar, Gearoid},
	date-added = {2020-12-18 12:43:32 +0100},
	date-modified = {2020-12-18 12:43:33 +0100},
	journal = {Memory Studies},
	number = {2},
	pages = {242--254},
	publisher = {SAGE Publications Sage UK: London, England},
	title = {Performative memory and re-victimization: Truth-telling and provocation in Sierra Leone},
	volume = {8},
	year = {2015}}

@article{Meernik:2010aa,
	author = {Meernik, James D and Nichols, Angela and King, Kimi L},
	date-added = {2020-12-18 12:41:56 +0100},
	date-modified = {2020-12-18 12:41:57 +0100},
	journal = {International Studies Perspectives},
	number = {4},
	pages = {309--334},
	publisher = {Blackwell Publishing Ltd Oxford, UK},
	title = {The impact of international tribunals and domestic trials on peace and human rights after civil war},
	volume = {11},
	year = {2010}}

@article{Kim:2010aa,
	author = {Kim, Hunjoon and Sikkink, Kathryn},
	date-added = {2020-12-18 12:40:44 +0100},
	date-modified = {2020-12-18 12:40:45 +0100},
	journal = {International Studies Quarterly},
	number = {4},
	pages = {939--963},
	publisher = {Blackwell Publishing Ltd Oxford, UK},
	title = {Explaining the deterrence effect of human rights prosecutions for transitional countries},
	volume = {54},
	year = {2010}}

@article{Sikkink:2007aa,
	author = {Sikkink, Kathryn and Walling, Carrie Booth},
	date-added = {2020-12-18 12:37:09 +0100},
	date-modified = {2020-12-18 12:37:11 +0100},
	journal = {Journal of peace research},
	number = {4},
	pages = {427--445},
	publisher = {Sage Publications Sage UK: London, England},
	title = {The impact of human rights trials in Latin America},
	volume = {44},
	year = {2007}}

@book{Kritz:1995aa,
	author = {Kritz, Neil J},
	date-added = {2020-12-18 12:36:06 +0100},
	date-modified = {2020-12-18 12:36:08 +0100},
	publisher = {US Institute of Peace Press},
	title = {Transitional justice: how emerging democracies reckon with former regimes},
	volume = {2},
	year = {1995}}

@misc{Backer:2012aa,
	author = {Backer, David and Kulkarni, Anupma L},
	date-added = {2020-12-18 12:35:00 +0100},
	date-modified = {2020-12-18 12:35:18 +0100},
	howpublished = {Presented at the APSA 2012 Annual Meeting.},
	title = {Accountability on Trial: Tracing the Evolution of Transitional Justice Practice in Post-Conflict Liberia},
	year = {2012}}

@book{Elster:2004aa,
	author = {Elster, Jon},
	date-added = {2020-12-18 12:23:40 +0100},
	date-modified = {2020-12-18 12:23:41 +0100},
	publisher = {Cambridge University Press},
	title = {Closing the books: Transitional justice in historical perspective},
	year = {2004}}

@article{Balasco:2013aa,
	author = {Balasco, Lauren Marie},
	date-added = {2020-12-18 12:23:07 +0100},
	date-modified = {2020-12-18 12:23:09 +0100},
	journal = {Journal of Human Rights},
	number = {2},
	pages = {198--216},
	publisher = {Taylor \& Francis},
	title = {The transitions of transitional justice: Mapping the waves from promise to practice},
	volume = {12},
	year = {2013}}

@book{De-Brito:2001aa,
	address = {{Oxford}},
	author = {De Brito, Alexandra Barahona and Enr{\'\i}quez, Carmen Gonz{\'a}lez and Aguilar, Paloma},
	date-added = {2020-12-18 12:13:33 +0100},
	date-modified = {2020-12-18 12:15:31 +0100},
	publisher = {{Oxford University Press}},
	title = {The politics of memory: transitional justice in democratizing societies},
	year = {2001}}

@article{Aguilar:2011aa,
	author = {Aguilar, Paloma and Balcells, Laia and Cebolla-Boado, H{\'e}ctor},
	date-added = {2020-12-18 12:08:28 +0100},
	date-modified = {2020-12-18 12:08:30 +0100},
	journal = {Comparative Political Studies},
	number = {10},
	pages = {1397--1430},
	publisher = {Sage Publications Sage CA: Los Angeles, CA},
	title = {Determinants of attitudes toward transitional justice: An empirical analysis of the Spanish case},
	volume = {44},
	year = {2011}}

@article{Zubrzycki:2020aa,
	author = {Zubrzycki, Genevi{\`e}ve and Wo{\'z}ny, Anna},
	date-added = {2020-12-18 11:32:56 +0100},
	date-modified = {2020-12-18 11:32:58 +0100},
	journal = {Annual Review of Sociology},
	pages = {175--194},
	publisher = {Annual Reviews},
	title = {The Comparative Politics of Collective Memory},
	volume = {46},
	year = {2020}}

@misc{INE:2020aa,
	author = {{INE}},
	date-added = {2020-11-26 18:40:39 +0100},
	date-modified = {2020-11-26 18:41:24 +0100},
	howpublished = {Available online at https://www.ine.es/uc/1dIJtjmE (accessed 26/11/2020)},
	title = {Callejero de Censo Electoral},
	year = {2020}}

@article{Ferreira:2019aa,
	author = {Ferreira, Carles},
	date-added = {2020-11-26 14:30:17 +0100},
	date-modified = {2020-11-26 14:30:19 +0100},
	journal = {Revista Espa{\~n}ola de Ciencia Pol{\'\i}tica},
	number = {51},
	pages = {73--98},
	publisher = {Asociaci{\'o}n Espa{\~n}ola de Ciencia Pol{\'\i}tica y de la Administraci{\'o}n},
	title = {Vox como representante de la derecha radical en Espa{\~n}a: un estudio sobre su ideolog{\'\i}a},
	year = {2019}}

@article{Turnbull-Dugarte:2019aa,
	author = {Turnbull-Dugarte, Stuart J},
	date-added = {2020-11-26 14:23:58 +0100},
	date-modified = {2020-11-26 14:23:59 +0100},
	journal = {Research \& Politics},
	number = {2},
	pages = {2053168019851680},
	publisher = {SAGE Publications Sage UK: London, England},
	title = {Explaining the end of Spanish exceptionalism and electoral support for Vox},
	volume = {6},
	year = {2019}}

@article{Turnbull-Dugarte:2020aa,
	author = {Turnbull-Dugarte, Stuart J and Rama, Jos{\'e} and Santana, Andr{\'e}s},
	date-added = {2020-11-26 14:23:31 +0100},
	date-modified = {2020-11-26 14:23:33 +0100},
	journal = {Political Research Exchange},
	number = {1},
	pages = {1781543},
	publisher = {Taylor \& Francis},
	title = {The Baskerville's dog suddenly started barking: voting for VOX in the 2019 Spanish general elections},
	volume = {2},
	year = {2020}}

@misc{Fuente:1980aa,
	author = {Ismael Fuente},
	date-added = {2020-11-26 14:11:06 +0100},
	date-modified = {2020-11-26 15:07:11 +0100},
	howpublished = {{\it El Pa{\'\i}s}, January 26, 1980. Available at: https://bit.ly/3nZWogM (accessed 26/11/2020).},
	title = {{General{\'\i}simo se convierte en paseo de la Castellana}},
	year = {1980}}

@article{Balcells:2020aa,
	author = {Balcells, Laia and Palanza, Valeria and Voytas, Elsa},
	date-added = {2020-11-20 12:25:22 +0100},
	date-modified = {2020-11-20 12:26:19 +0100},
	journal = {The Journal of Politics},
	title = {Do museums promote reconciliation? A field experiment on transitional justice},
	volume = {forthcoming},
	year = {2020}}

@misc{Minder:2019aa,
	author = {Raphael Minder},
	date-added = {2020-11-17 19:39:04 +0100},
	date-modified = {2020-11-17 19:40:12 +0100},
	howpublished = {The New York Times, October 24, 2019. Available at: https://www.nytimes.com/2019/10/24/world/europe/franco-exhumed.html (accessed 17/11/2020).},
	title = {Franco's Remains Are Exhumed and Reburied After Bitter Battle},
	year = {2019}}

@misc{Laub:2018aa,
	author = {Karin Laub},
	date-added = {2020-11-17 19:09:31 +0100},
	date-modified = {2020-11-17 19:12:07 +0100},
	howpublished = {Associated Press, June 2, 2018. Available at: https://apnews.com/article/35a927e3ae954fa386a9e2406ae4439a (accessed 17/11/2020).},
	title = {AfD chief: Nazi era a `speck of bird poop' in German history},
	year = {2018}}

@misc{Palmer:2018aa,
	author = {Brian Palmer and Seth Freed Wessler},
	date-added = {2020-11-17 17:44:34 +0100},
	date-modified = {2020-11-17 17:45:54 +0100},
	howpublished = {\textit{Smithsonian Magazine,} December 2018. Available at: https://www.smithsonianmag.com/history/costs-confederacy-special-report-180970731/?referringSource=articleShare (accessed 17/11/2020).},
	title = {The cost of the confederacy},
	year = {2018}}

@article{Abadie:2003aa,
	author = {Abadie, Alberto and Gardeazabal, Javier},
	journal = {The American Economic Review},
	keywords = {= Methods,postwar > economy,region > West Europe,unit > subnational},
	number = {1},
	pages = {113--132},
	publisher = {{American Economic Association}},
	title = {The Economic Costs of Conflict: {{A}} Case Study of the {{Basque Country}}},
	volume = {93},
	year = {2003}}

@article{Abadie:2005aa,
	author = {Abadie, Alberto},
	journal = {The Review of Economic Studies},
	number = {1},
	pages = {1--19},
	publisher = {{Wiley-Blackwell}},
	title = {Semiparametric Difference-in-Differences Estimators},
	volume = {72},
	year = {2005}}

@article{Abadie:2012aa,
	author = {Abadie, Alberto and Diamond, Alexis and Hainmueller, Jens},
	journal = {Journal of the American statistical Association},
	keywords = {= Methods},
	publisher = {{Taylor \& Francis}},
	title = {Synthetic Control Methods for Comparative Case Studies: {{Estimating}} the Effect of {{California}}'s Tobacco Control Program},
	year = {2012}}

@article{Abrams:1988aa,
	author = {Abrams, Philip},
	journal = {Journal of historical sociology},
	keywords = {g > anthro},
	number = {1},
	pages = {58--89},
	publisher = {{Wiley Online Library}},
	title = {Notes on the {{Difficulty}} of {{Studying}} the {{State}} (1977)},
	volume = {1},
	year = {1988}}

@book{Achen:2016aa,
	address = {{Princeton}},
	author = {Achen, Christopher H and Bartels, Larry M},
	publisher = {{Princeton University Press}},
	title = {Democracy for Realists: {{Why}} Elections Do Not Produce Responsive Government},
	year = {2016}}

@book{Afrobarometer:2016aa,
	author = {{Afrobarometer}},
	title = {Afrobarometer {{Data}}, 1999-2015.},
	year = {2016}}

@book{Aguilar:2002aa,
	address = {{New York}},
	author = {Aguilar, Paloma},
	publisher = {{Berghahn Books}},
	title = {Memory and Amnesia: {{The}} Role of the {{Spanish Civil War}} in the Transition to Democracy},
	year = {2002}}

@book{Aguilar:2016aa,
	address = {{London}},
	author = {Aguilar, Paloma and Payne, Leigh A},
	publisher = {{Palgrave Macmillan}},
	title = {Revealing {{New Truths}} about {{Spain}}'s {{Violent Past}}: {{Perpetrators}}' {{Confessions}} and {{Victim Exhumations}}},
	year = {2016}}

@incollection{Alcalde:2013aa,
	address = {{Lleida}},
	author = {Alcalde, {\'A}ngel},
	booktitle = {El Franquismo Desde Los M\'argenes: {{Campesinos}}, Mujeres, Delatores, Menores...},
	editor = {Rodr{\'\i}guez Barreira, {\'O}scar},
	pages = {113--130},
	publisher = {{Edicions de la Universitat de Lleida}},
	title = {Los Excombatientes En El Mundo Rural de La Posguerra: {{Del}} Mito Del Campesino Soldado a La Realidad Social de La {{Espa\~na}} Franquista},
	year = {2013}}

@article{Alexander:1997aa,
	author = {Alexander, Jocelyn},
	journal = {Africa},
	keywords = {g > peacebuilding,region > SS Africa},
	number = {1},
	pages = {1--25},
	title = {The Local State in Post-War {{Mozambique}}},
	volume = {67},
	year = {1997}}

@article{Allison:2006aa,
	author = {Allison, Michael E},
	journal = {Latin American Politics and Society},
	keywords = {postwar > polit parties,region > Latin America},
	number = {4},
	pages = {137--162},
	publisher = {{Wiley Online Library}},
	title = {The Transition from Armed Opposition to Electoral Opposition in {{Central America}}},
	volume = {48},
	year = {2006}}

@article{Allison:2010aa,
	author = {Allison, Michael E},
	journal = {Studies in Comparative International Development},
	keywords = {postwar > polit preferences,region > Latin America,unit > subnational},
	number = {1},
	pages = {104--124},
	publisher = {{Springer}},
	title = {The Legacy of Violence on Post-Civil War Elections: {{The}} Case of {{El Salvador}}},
	volume = {45},
	year = {2010}}

@book{Alvarez:2007aa,
	address = {{Barcelona}},
	author = {{\'A}lvarez, Jos{\'e} Ignacio},
	publisher = {{Anthropos}},
	title = {Memoria y Trauma En Los Testimonios de La Represi\'on Franquista},
	year = {2007}}

@book{Anderson:2016aa,
	address = {{Eastbourne}},
	author = {Anderson, Peter},
	publisher = {{Sussex Academic Press}},
	title = {Friend {{Or Foe}}?: {{Occupation}}, {{Collaboration}} and {{Selective Violence}} in the {{Spanish Civil War}}},
	year = {2016}}

@book{Andrew:2014aa,
	address = {{Cambridge}},
	author = {Andrew, Bennett and Jeffrey, Checkel},
	publisher = {{Cambridge University Press}},
	title = {Process {{Tracing}}: {{From Metaphor}} to {{Analytic Tool}}},
	year = {2014}}

@incollection{Arias:1992aa,
	address = {{Austin}},
	author = {Arias, Arturo},
	booktitle = {Guatemalan {{Indians}} and the {{State}}: 1540 to 1988},
	editor = {Smith, Carol A},
	pages = {230--257},
	publisher = {{University of Texas Press}},
	title = {Changing {{Indian Identity}}: {{Guatemala}}'s {{Violent Transition}} to {{Modernity}}},
	year = {1992}}

@book{Arino:2012aa,
	author = {Arino, Olivier and Ramos Perez, Jose Julio and Kalogirou, Vasileios and Bontemps, Sophie and Defourny, Pierre and Van Bogaert, Eric},
	title = {Global Land Cover Map for 2009 ({{GlobCover}} 2009)},
	year = {2012}}

@incollection{Arjona:2012aa,
	address = {{New York}},
	author = {Arjona, Ana and Kalyvas, Stathis N},
	booktitle = {Understanding Collective Political Violence},
	editor = {Guichaoua, Yvan},
	pages = {143--174},
	publisher = {{Palgrave Macmillan}},
	title = {Recruitment into Armed Groups in {{Colombia}}: {{A}} Survey of Demobilized Fighters},
	year = {2012}}

@book{Arjona:2015aa,
	author = {Arjona, Ana and Kasfir, Nelson and Mampilly, Zachariah},
	keywords = {g > governance},
	publisher = {{Cambridge University Press}},
	title = {Rebel {{Governance}} in {{Civil War}}},
	year = {2015}}

@incollection{Arjona:2015ab,
	address = {{New York}},
	author = {Arjona, Ana},
	booktitle = {Rebel {{Governance}} in {{Civil War}}},
	editor = {Arjona, Ana and Kasfir, Nelson and Mampilly, Zachariah},
	pages = {180--202},
	publisher = {{Cambridge University Press}},
	title = {Civilian {{Resistance}} to {{Rebel Governance}}},
	year = {2015}}

@incollection{Arostegui:1990aa,
	address = {{Madrid}},
	author = {Ar{\'o}stegui, Julio},
	booktitle = {La Oposici\'on al {{R\'egimen}} de {{Franco}}},
	editor = {Tusell, Javier and Alted Vigil, Alicia and Mateos, Abd{\'o}n},
	publisher = {{UNED}},
	title = {La Oposici\'on al Franquismo: {{Represi\'on}} y Violencia Pol\'iticas},
	year = {1990}}

@article{Autesserre:2006aa,
	author = {Autesserre, S{\'e}verine},
	journal = {African Studies Review},
	keywords = {g > peacebuilding,region > SS Africa},
	number = {03},
	pages = {1--29},
	title = {Local Violence, National Peace? {{Postwar}} 'settlement' in the Eastern {{DR Congo}} (2003\textendash 2006)},
	volume = {49},
	year = {2006}}

@article{Autesserre:2014aa,
	author = {Autesserre, S{\'e}verine},
	journal = {International Peacekeeping},
	keywords = {= Lit reviews,g > peacebuilding},
	number = {4},
	pages = {492--500},
	publisher = {{Taylor \& Francis}},
	title = {Going Micro: {{Emerging}} and Future Peacekeeping Research},
	volume = {21},
	year = {2014}}

@article{Bakke:2009aa,
	author = {Bakke, Kristin M and O'Loughlin, John and Ward, Michael D},
	journal = {Annals of the Association of American Geographers},
	keywords = {postwar > attit/behavior,region > East Europe,unit > individual},
	number = {5},
	pages = {1012--1021},
	publisher = {{Taylor \& Francis}},
	title = {Reconciliation in Conflict-Affected Societies: {{Multilevel}} Modeling of Individual and Contextual Factors in the {{North Caucasus}} of {{Russia}}},
	volume = {99},
	year = {2009}}

@incollection{Balcarcel:1985aa,
	address = {{Mexico City}},
	author = {Balcarcel, Jos{\'e} Luis},
	booktitle = {Historia Del Movimiento Obrero En {{Am\'erica Latina}}},
	editor = {Gonz{\'a}lez Casanova, Pablo},
	pages = {9--60},
	publisher = {{Siglo XXI}},
	title = {El Movimiento Obrero En {{Guatemala}}},
	volume = {2},
	year = {1985}}

@book{Balcells:2010aa,
	author = {Balcells, Laia},
	title = {Behind the Frontlines: {{Identity}}, Competition, and Violence in Civil Wars},
	year = {2010}}

@article{Balcells:2010ab,
	author = {Balcells, Laia},
	journal = {International Studies Quarterly},
	number = {2},
	pages = {291--313},
	title = {Rivalry and Revenge: {{Violence}} against Civilians in Conventional Civil Wars},
	volume = {54},
	year = {2010}}

@article{Balcells:2012aa,
	author = {Balcells, Laia},
	journal = {Politics \& Society},
	keywords = {postwar > polit preferences,region > West Europe,unit > individual},
	number = {3},
	pages = {311--347},
	title = {The Consequences of Victimization on Political Identities: {{Evidence}} from {{Spain}}},
	volume = {40},
	year = {2012}}

@article{Balcells:2014aa,
	author = {Balcells, Laia and Kalyvas, Stathis N},
	journal = {Journal of Conflict Resolution},
	number = {8},
	pages = {1390--1418},
	publisher = {{SAGE Publications}},
	title = {Does Warfare Matter? {{Severity}}, Duration, and Outcomes of Civil Wars},
	volume = {58},
	year = {2014}}

@article{Balcells:2015aa,
	author = {Balcells, Laia and Kalyvas, Stathis N},
	journal = {Unpublished manuscript, last modified April 2015},
	title = {Revolutionary Rebels and the {{Marxist}} Paradox},
	year = {2015}}

@article{Balcells:2016aa,
	author = {Balcells, Laia and Steele, Abbey},
	journal = {Political Geography},
	keywords = {g > civil war,g > identity},
	pages = {15--29},
	publisher = {{Elsevier}},
	title = {Warfare, Political Identities, and Displacement in {{Spain}} and {{Colombia}}},
	volume = {51},
	year = {2016}}

@book{Balcells:2017aa,
	address = {{New York}},
	author = {Balcells, Laia},
	publisher = {{Cambridge University Press}},
	title = {Rivalry and {{Revenge}}: {{The Politics}} of {{Violence}} during {{Civil War}}},
	year = {2017}}

@article{Balcells:2018aa,
	author = {Balcells, Laia and {Torrats-Espinosa}, Gerard},
	journal = {Proceedings of the National Academy of Sciences (PNAS)},
	title = {The {{Political Consequences}} of {{Terrorism}}. {{A Quasi}}-{{Experimental Approach}}},
	volume = {10.1073/pnas.1800302115},
	year = {2018}}

@article{Balcells:2018ab,
	author = {Balcells, Laia and Sullivan, Christopher M},
	journal = {Journal of Peace Research},
	number = {2},
	pages = {137--146},
	publisher = {{SAGE Publications Sage UK: London, England}},
	title = {New Findings from Conflict Archives: {{An}} Introduction and Methodological Framework},
	volume = {55},
	year = {2018}}

@book{Ball:1999aa,
	address = {{Washington DC}},
	author = {Ball, Patrick Donnell and Kobrak, Paul and Spirer, Herbert F},
	keywords = {region > Guatemala},
	publisher = {{AAAS}},
	title = {State Violence in {{Guatemala}}, 1960\textendash 1996: {{A}} Quantitative Reflection},
	year = {1999}}

@book{Ball:1999ab,
	author = {Ball, Patrick Donnell},
	title = {{{AAAS}}/{{CIIDH}} Database of Human Rights Violations in {{Guatemala}} ({{ATV20}}.1)},
	year = {1999}}

@article{Bar-Tal:1997aa,
	author = {{Bar-Tal}, Daniel},
	journal = {International Journal of Intercultural Relations},
	number = {4},
	pages = {491--523},
	publisher = {{Elsevier}},
	title = {Formation and Change of Ethnic and National Stereotypes: {{An}} Integrative Model},
	volume = {21},
	year = {1997}}

@article{Bar-Tal:2007aa,
	author = {{Bar-Tal}, Daniel},
	journal = {American Behavioral Scientist},
	number = {11},
	pages = {1430--1453},
	publisher = {{Sage Publications}},
	title = {Sociopsychological Foundations of Intractable Conflicts},
	volume = {50},
	year = {2007}}

@book{Bar-Tal:2013aa,
	address = {{New York}},
	author = {{Bar-Tal}, Daniel},
	publisher = {{Cambridge University Press}},
	title = {Intractable Conflicts: {{Socio}}-Psychological Foundations and Dynamics},
	year = {2013}}

@book{Barcelo:2018aa,
	author = {Barcelo, Joan},
	title = {Mobilizing {{Collective Memory}}: {{A Large}}-{{Scale Field Experiment}} on the {{Effects}} of {{Priming Collective Threat}} on {{Voting Behavior}}},
	year = {2018}}

@article{Barcelo:2018ab,
	author = {Barcel{\'o}, Joan},
	journal = {Research \& Politics},
	number = {2},
	pages = {1--9},
	publisher = {{SAGE Publications Sage UK: London, England}},
	title = {Batons and Ballots: {{The}} Effectiveness of State Violence in Fighting against {{Catalan}} Separatism},
	volume = {5},
	year = {2018}}

@article{BarrusoBares:2007aa,
	author = {Barruso Bar{\'e}s, Pedro},
	journal = {Historia Contempor\'anea},
	pages = {653--681},
	title = {La Represi\'on En Las Zonas Republicana y Franquista Del {{Pa\'is Vasco}} Durante La Guerra Civil},
	volume = {35},
	year = {2007}}

@article{Basta:2018aa,
	author = {Basta, Karlo},
	journal = {Comparative Political Studies},
	number = {10},
	pages = {1243--1278},
	publisher = {{SAGE Publications Sage CA: Los Angeles, CA}},
	title = {The Social Construction of Transformative Political Events},
	volume = {51},
	year = {2018}}

@article{Bateson:2012aa,
	author = {Bateson, Regina},
	journal = {American Political Science Review},
	keywords = {postwar > attit/behavior,region > global,unit > individual},
	number = {03},
	pages = {570--587},
	publisher = {{Cambridge Univ Press}},
	title = {Crime Victimization and Political Participation},
	volume = {106},
	year = {2012}}

@book{Bateson:2013aa,
	author = {Bateson, Regina},
	keywords = {g > collective action,g > militias,g > OSV},
	title = {Order and Violence in Postwar {{Guatemala}}},
	year = {2013}}

@book{Bateson:2015aa,
	author = {Bateson, Regina},
	keywords = {postwar > institutions,region > Latin America,unit > quali case study},
	title = {How {{Local Institutions Emerge}} from {{Civil War}}},
	year = {2015}}

@article{Bateson:2017aa,
	author = {Bateson, Regina},
	journal = {Journal of Peace Research},
	number = {5},
	pages = {634--647},
	publisher = {{SAGE Publications Sage UK: London, England}},
	title = {The Socialization of Civilians and Militia Members: {{Evidence}} from {{Guatemala}}},
	volume = {54},
	year = {2017}}

@article{Bauer:2014aa,
	author = {Bauer, Michal and Fiala, Nathan and Levely, Ian V},
	journal = {CERGE-EI Working Paper Series},
	keywords = {postwar > attit/behavior,region > East Europe,region > SS Africa,unit > individual},
	number = {512},
	title = {Trusting {{Former Rebels}}: {{An Experimental Approach}} to {{Understanding Reintegration}} after {{Civil War}}},
	year = {2014}}

@article{Bauer:2016aa,
	author = {Bauer, Michal and Blattman, Christopher and Chytilov{\'a}, Julie and Henrich, Joseph and Miguel, Edward and Mitts, Tamar},
	journal = {Journal of Economic Perspectives},
	keywords = {= Lit reviews,postwar > attit/behavior,region > global,unit > individual},
	number = {3},
	pages = {249--274},
	title = {Can War Foster Cooperation?},
	volume = {30},
	year = {2016}}

@article{Baum:2015aa,
	author = {Baum, Matthew A and Zhukov, Yuri M},
	journal = {Journal of Peace Research},
	number = {3},
	pages = {384--400},
	publisher = {{Sage Publications Sage UK: London, England}},
	title = {Filtering Revolution: {{Reporting}} Bias in International Newspaper Coverage of the {{Libyan}} Civil War},
	volume = {52},
	year = {2015}}

@incollection{BayonaFernandez:2007aa,
	address = {{Madrid}},
	author = {Bayona Fern{\'a}ndez, Gloria},
	booktitle = {Memorias Hist\'oricasde {{Espa\~na}} (Siglo {{XX}})},
	editor = {Cuesta, Josefina},
	pages = {355--370},
	publisher = {{Fundaci\'on Francisco Largo Caballero}},
	title = {Memoria y Olvido: {{Recuperaci\'on}} Del Recuerdo de Los A\~nos Sesenta},
	year = {2007}}

@book{BBC:2014aa,
	author = {{BBC}},
	title = {Spain Wants More than {{Basque Eta}} Arms Gesture},
	year = {2014}}

@article{Beber:2014aa,
	author = {Beber, Bernd and Roessler, Philip and Scacco, Alexandra},
	journal = {Journal of Politics},
	keywords = {postwar > polit preferences},
	number = {3},
	pages = {649--65},
	publisher = {{Cambridge Univ Press}},
	title = {Intergroup Violence and Political Attitudes: {{Evidence}} from a Dividing {{Sudan}}},
	volume = {76},
	year = {2014}}

@article{Bellows:2006aa,
	author = {Bellows, John and Miguel, Edward},
	journal = {American Economic Review},
	keywords = {postwar > attit/behavior,region > SS Africa,unit > individual},
	number = {2},
	pages = {394--99},
	title = {War and Institituions: {{New}} Evidence from {{Sierra Leone}}},
	volume = {96},
	year = {2006}}

@article{Bellows:2009aa,
	author = {Bellows, John and Miguel, Edward},
	journal = {Journal of Public Economics},
	keywords = {postwar > attit/behavior,region > SS Africa,unit > individual},
	number = {11},
	pages = {1144--1157},
	publisher = {{Elsevier}},
	title = {War and Local Collective Action in {{Sierra Leone}}},
	volume = {93},
	year = {2009}}

@article{Bergemann:2017aa,
	author = {Bergemann, Patrick},
	journal = {American Sociological Review},
	number = {2},
	pages = {384--406},
	publisher = {{SAGE Publications Sage CA: Los Angeles, CA}},
	title = {Denunciation and Social Control},
	volume = {82},
	year = {2017}}

@article{Berman:2011aa,
	author = {Berman, Eli and Shapiro, Jacob N and Felter, Joseph H},
	journal = {Journal of Political Economy},
	number = {4},
	pages = {766--819},
	publisher = {{University of Chicago Press Chicago, IL}},
	title = {Can Hearts and Minds Be Bought? {{The}} Economics of Counterinsurgency in {{Iraq}}},
	volume = {119},
	year = {2011}}

@incollection{Bernal:1993aa,
	address = {{Cuenca}},
	author = {Bernal, Antonio-Miguel},
	booktitle = {Espa\~na Franquista: {{Causa}} General y Actitudes Sociales Ante La Dictadura},
	editor = {S{\'a}nchez, Isidro and Ortiz, Manuel and Ruiz, David},
	pages = {145--159},
	publisher = {{Ediciones de la Universidad de Castilla-La Mancha}},
	title = {La Resignaci\'on de Los Campesinos Andaluces: {{La}} Resistencia Pasiva Durante El {{Franquismo}}},
	year = {1993}}

@incollection{Bernecker:2007aa,
	address = {{New York}},
	author = {Bernecker, Walter L},
	booktitle = {Spain Transformed: {{The}} Late {{Franco}} Dictatorship, 1959-1975},
	editor = {Townson, Nigel},
	pages = {67--84},
	publisher = {{Palgrave Macmillan}},
	title = {The Change in Mentalities during the Late {{Franco}} Regime},
	year = {2007}}

@article{Besley:2014aa,
	author = {Besley, Timothy and {Reynal-Querol}, Marta},
	journal = {American Political Science Review},
	number = {02},
	pages = {319--336},
	publisher = {{Cambridge Univ Press}},
	title = {The Legacy of Historical Conflict: {{Evidence}} from {{Africa}}},
	volume = {108},
	year = {2014}}

@article{Birnir:2018aa,
	author = {Birnir, J{\'o}hanna K and Gohdes, Anita},
	journal = {Journal of Global Security Studies},
	number = {2},
	pages = {181--197},
	publisher = {{Oxford University Press}},
	title = {Voting in the Shadow of Violence: {{Electoral}} Politics and Conflict in {{Peru}}},
	volume = {3},
	year = {2018}}

@book{Bivand:2013aa,
	author = {Bivand, Roger S and Pebesma, Edzer and {Gomez-Rubio}, Virgilio},
	publisher = {{Springer}},
	title = {Applied {{Spatial Data Analysis}} with {{R}}},
	year = {2013}}

@article{Black:1985aa,
	author = {Black, George},
	journal = {NACLA Report on the Americas},
	number = {6},
	pages = {10--47},
	title = {Under {{The Gun}}},
	volume = {19},
	year = {1985}}

@article{Blattman:2009aa,
	author = {Blattman, Christopher},
	journal = {American Political Science Review},
	keywords = {postwar > attit/behavior,region > SS Africa,unit > individual},
	number = {2},
	pages = {231--247},
	publisher = {{Cambridge Univ Press}},
	title = {From Violence to Voting: {{War}} and Political Participation in {{Uganda}}},
	volume = {103},
	year = {2009}}

@article{Blattman:2010aa,
	author = {Blattman, Christopher and Miguel, Edward},
	journal = {Journal of Economic Literature},
	number = {1},
	pages = {3--57},
	title = {Civil War},
	volume = {48},
	year = {2010}}

@book{Blaydes:2018aa,
	address = {{Princeton}},
	author = {Blaydes, Lisa},
	file = {/Users/franvillamil/Zotero/storage/AVSKMIZZ/books.html},
	publisher = {{Princeton University Press}},
	shorttitle = {State of {{Repression}}},
	title = {State of {{Repression}}: {{Iraq}} under {{Saddam Hussein}}},
	year = {2018}}

@article{Blocq:2014aa,
	author = {Blocq, Daniel S},
	journal = {Journal of Eastern African Studies},
	keywords = {g > militias,region > SS Africa,unit > quali case study},
	number = {4},
	pages = {710--724},
	publisher = {{Taylor \& Francis}},
	title = {The Grassroots Nature of Counterinsurgent Tribal Militia Formation: {{The}} Case of the {{Fertit}} in {{Southern Sudan}}, 1985\textendash 1989},
	volume = {8},
	year = {2014}}

@book{Bourdieu:1977aa,
	address = {{New York}},
	author = {Bourdieu, Pierre},
	publisher = {{Cambridge University Press}},
	title = {Outline of a Theory of Practice},
	year = {1977}}

@article{Bowles:2008aa,
	author = {Bowles, Samuel},
	journal = {Nature},
	keywords = {g > soc/psycho},
	number = {7220},
	pages = {326--327},
	publisher = {{Nature Publishing Group}},
	title = {Conflict: {{Altruism}}'s Midwife},
	volume = {456},
	year = {2008}}

@article{Brewin:2000aa,
	author = {Brewin, Chris R and Andrews, Bernice and Valentine, John D},
	journal = {Journal of consulting and clinical psychology},
	number = {5},
	pages = {748--766},
	publisher = {{American Psychological Association}},
	title = {Meta-Analysis of Risk Factors for Posttraumatic Stress Disorder in Trauma-Exposed Adults.},
	volume = {68},
	year = {2000}}

@article{BuenodeMesquita:2007aa,
	author = {{Bueno de Mesquita}, Ethan and Dickson, Eric S},
	journal = {American Journal of Political Science},
	number = {2},
	pages = {364--381},
	publisher = {{Wiley Online Library}},
	title = {The Propaganda of the Deed: {{Terrorism}}, Counterterrorism, and Mobilization},
	volume = {51},
	year = {2007}}

@article{Burbank:1997aa,
	author = {Burbank, Matthew J},
	journal = {Political Behavior},
	number = {2},
	pages = {113--132},
	publisher = {{Springer}},
	title = {Explaining Contextual Effects on Vote Choice},
	volume = {19},
	year = {1997}}

@book{Burke:2017aa,
	author = {Burke, Jason},
	title = {Mutinous {{Ivory Coast}} Soldiers Seize Control of Three Cities},
	year = {2017}}

@book{Burrell:2013aa,
	address = {{Austin}},
	author = {Burrell, Jennifer L},
	publisher = {{University of Texas Press}},
	title = {Maya after War: {{Conflict}}, Power, and Politics in {{Guatemala}}},
	year = {2013}}

@incollection{Cabana:2013aa,
	address = {{Lleida}},
	author = {Cabana, Ana},
	booktitle = {El Franquismo Desde Los M\'argenes: {{Campesinos}}, Mujeres, Delatores, Menores...},
	editor = {Rodr{\'\i}guez Barreira, {\'O}scar},
	pages = {93--112},
	publisher = {{Edicions de la Universitat de Lleida}},
	title = {\textquestiondown{{Mientras}} Dorm\'ian? {{Transici\'on}} y Aprendizaje Pol\'itico En El Mundo Rural},
	year = {2013}}

@article{Calero:2009aa,
	author = {Calero, Juan Pablo},
	journal = {Germinal: Revista de estudios libertarios},
	number = {7},
	pages = {97--132},
	publisher = {{Germinal}},
	title = {V\'isperas de La Revoluci\'on: {{El}} Congreso de La {{CNT}} (1936)},
	year = {2009}}

@book{Call:2012aa,
	author = {Call, Charles T},
	keywords = {g > recurrence},
	publisher = {{Georgetown University Press}},
	title = {Why Peace Fails: The Causes and Prevention of Civil War Recurrence},
	year = {2012}}

@article{Cardenas:2016aa,
	author = {Cardenas, Mauricio and Eslava, Marcela and Ramirez, Santiago},
	journal = {Defence and Peace Economics},
	number = {3},
	pages = {353--377},
	publisher = {{Taylor \& Francis}},
	title = {Why Internal Conflict Deteriorates State Capacity? {{Evidence}} from {{Colombian}} Municipalities},
	volume = {27},
	year = {2016}}

@book{Carmack:1981aa,
	address = {{Oklahoma City}},
	author = {Carmack, Robert M},
	publisher = {{University of Oklahoma Press}},
	title = {The {{Quich\'e Mayas}} of {{Utatl\'an}}: {{The}} Evolution of a Highland {{Guatemala}} Kingdom},
	year = {1981}}

@incollection{Carmack:1988aa,
	address = {{Norman}},
	author = {Carmack, Robert M},
	booktitle = {Harvest of {{Violence}}: {{The Maya Indians}} and the {{Guatemalan Crisis}}},
	editor = {Carmack, Robert M},
	pages = {39--69},
	publisher = {{University of Oklahoma Press}},
	title = {The {{Story}} of {{Santa Cruz Quich\'e}}},
	year = {1988}}

@article{Carneiro:1970aa,
	author = {Carneiro, Robert L},
	journal = {Science},
	pages = {733--738},
	title = {A {{Theory}} of the {{Origin}} of the {{State}}},
	volume = {169},
	year = {1970}}

@book{Carr:2016aa,
	author = {Carr, Adam},
	keywords = {= Data},
	title = {Psephos: {{Adam Carr}}'s {{Election Archive}}},
	year = {2016}}

@article{Carrasco:2018aa,
	author = {Carrasco, Carlos A and {Dur{\'a}n-Bustamante}, Mario and others},
	journal = {Economics Bulletin},
	number = {2},
	pages = {696--702},
	publisher = {{AccessEcon}},
	title = {War on Drugs, Violence, and the Share of Low-Income Workers in {{Mexico}}},
	volume = {38},
	year = {2018}}

@book{Casanova:2001aa,
	address = {{Zaragoza}},
	author = {Casanova, Juli{\'a}n and Cenarro Lagunas, {\'A}ngela and Cifuentes, Julita and Maluenda, Ma Pilar and Salom{\'o}n, Ma Pilar},
	publisher = {{Mira Editores}},
	title = {El Pasado Oculto: {{Fascismo}} y Violencia En {{Arag\'on}} (1936-1939)},
	year = {2001}}

@book{Casanova:2010aa,
	address = {{New York}},
	author = {Casanova, Juli{\'a}n},
	publisher = {{Cambridge University Press}},
	title = {The {{Spanish}} Republic and Civil War},
	year = {2010}}

@article{Cassar:2013aa,
	author = {Cassar, Alessandra and Grosjean, Pauline and Whitt, Sam},
	journal = {Journal of Economic Growth},
	keywords = {postwar > attit/behavior,region > Asia,unit > individual},
	number = {3},
	pages = {285--318},
	publisher = {{Springer}},
	title = {Legacies of Violence: Trust and Market Development},
	volume = {18},
	year = {2013}}

@book{Caunedo:2007aa,
	address = {{Oviedo}},
	author = {Caunedo, Amaya and D{\'\i}az, Irene and Alonso, Pedro L},
	publisher = {{Laria}},
	title = {Asturias, 70 A\~nos, 70 Voces: {{Testimonios}} y Memorias de Una Guerra},
	year = {2007}}

@article{Cazorla-Sanchez:2005aa,
	author = {{Cazorla-S{\'a}nchez}, Antonio},
	journal = {Journal of Contemporary History},
	number = {3},
	pages = {503--520},
	publisher = {{Sage Publications Sage CA: Thousand Oaks, CA}},
	title = {Beyond {{They Shall Not Pass}}. {{How}} the {{Experience}} of {{Violence Reshaped Political Values}} in {{Franco}}'s {{Spain}}},
	volume = {40},
	year = {2005}}

@book{Cazorla-Sanchez:2009aa,
	address = {{Chichester}},
	author = {{Cazorla-S{\'a}nchez}, Antonio},
	publisher = {{Wiley-Blackwell}},
	title = {Fear and Progress: {{Ordinary}} Lives in {{Franco}}'s {{Spain}}, 1939\textendash 1975},
	year = {2009}}

@book{Cecchi:2015aa,
	author = {Cecchi, Francesco and Leuveld, Koen and Voors, Maarten and {van der Wal}, Lizzy},
	keywords = {postwar > attit/behavior,region > SS Africa,unit > individual},
	title = {Civil {{War Exposure}} and {{Competitiveness}}: {{Experimental Evidence}} from the {{Football Field}} in {{Sierra Leone}}},
	year = {2015}}

@article{Cederman:2010aa,
	author = {Cederman, Lars-Erik and Wimmer, Andreas and Min, Brian},
	journal = {World Politics},
	number = {1},
	pages = {87--119},
	publisher = {{Cambridge Univ Press}},
	title = {Why Do Ethnic Groups Rebel? {{New}} Data and Analysis},
	volume = {62},
	year = {2010}}

@article{Cederman:2011aa,
	author = {Cederman, Lars-Erik and Weidmann, Nils B and Gleditsch, Kristian Skrede},
	journal = {American Political Science Review},
	number = {03},
	pages = {478--495},
	publisher = {{Cambridge Univ Press}},
	title = {Horizontal Inequalities and Ethnonationalist Civil War: {{A}} Global Comparison},
	volume = {105},
	year = {2011}}

@book{Cederman:2013aa,
	address = {{New York}},
	author = {Cederman, Lars-Erik and Gleditsch, Kristian Skrede and Buhaug, Halvard},
	publisher = {{Cambridge University Press}},
	title = {Inequality, Grievances, and Civil War},
	year = {2013}}

@article{Cederman:2015aa,
	author = {Cederman, Lars-Erik and Hug, Simon and Sch{\"a}del, Andreas and Wucherpfennig, Julian},
	journal = {American Political Science Review},
	number = {2},
	pages = {354--370},
	title = {Territorial {{Autonomy}} in the {{Shadow}} of {{Conflict}}: {{Too Little}}, {{Too Late}}?},
	volume = {109},
	year = {2015}}

@book{CEH:1999aa,
	address = {{Guatemala}},
	author = {{CEH}},
	publisher = {{Comisi\'on para el Esclarecimiento Hist\'orico}},
	title = {Guatemala: {{Memoria}} Del {{Silencio}}},
	year = {1999}}

@book{Centeno:2002aa,
	address = {{University Park}},
	author = {Centeno, Miguel A},
	keywords = {g > state-building},
	publisher = {{Pennsylvania State University Press}},
	title = {Blood and {{Debt}}: {{War}} and the {{Nation}}-{{State}} in {{Latin America}}},
	year = {2002}}

@incollection{Cervera:2004aa,
	address = {{Valladolid}},
	author = {Cervera, Alfons},
	booktitle = {La Memoria de Los Olvidados: {{Un}} Debate Sobre El Silencio de La Represi\'on Franquista},
	editor = {Silva, Emilio and Esteban, Asunci{\'o}n and Cast{\'a}n, Javier and Salvador, Pancho},
	pages = {153--162},
	publisher = {{\'Ambito}},
	title = {Relato M\'as All\'a de La Zona Oscura y Prohibida},
	year = {2004}}

@article{Chamarbagwala:2011aa,
	author = {Chamarbagwala, Rubiana and Mor{\'a}n, Hilc{\'\i}as E},
	journal = {Journal of Development Economics},
	number = {1},
	pages = {41--61},
	publisher = {{Elsevier}},
	title = {The Human Capital Consequences of Civil War: {{Evidence}} from {{Guatemala}}},
	volume = {94},
	year = {2011}}

@article{Choi:2007aa,
	author = {Choi, Jung-Kyoo and Bowles, Samuel},
	journal = {Science},
	keywords = {g > soc/psycho},
	number = {5850},
	pages = {636--640},
	publisher = {{American Association for the Advancement of Science}},
	title = {The Coevolution of Parochial Altruism and War},
	volume = {318},
	year = {2007}}

@article{Chong:2007aa,
	author = {Chong, Dennis and Druckman, James N},
	journal = {Annual Review of Political Science},
	pages = {103--126},
	publisher = {{Annual Reviews}},
	title = {Framing Theory},
	volume = {10},
	year = {2007}}

@article{Christensen:2008aa,
	author = {Christensen, Maya M and Utas, Mats},
	journal = {African Affairs},
	keywords = {postwar > polit parties,unit > quali case study},
	number = {429},
	pages = {515--539},
	publisher = {{Royal African Soc}},
	title = {Mercenaries of Democracy: {{The}} `{{Politricks}}' of Remobilized Combatants in the 2007 General Elections, {{Sierra Leone}}},
	volume = {107},
	year = {2008}}

@book{CIA:2019aa,
	author = {{CIA}},
	title = {{{CIA Maps}}},
	year = {2019}}

@article{CIESIN:2005aa,
	author = {{CIESIN}},
	journal = {Socioeconomic Data and Applications Center (SEDAC), Columbia University: Palisades, NY, USA},
	keywords = {= Data},
	title = {Gridded Population of the World Version 3 ({{GPWV3}}): Population Density Grids},
	year = {2005}}

@article{Clayton:2016aa,
	author = {Clayton, Govinda and Thomson, Andrew},
	journal = {International Studies Quarterly},
	pages = {sqv011},
	publisher = {{The Oxford University Press}},
	title = {Civilianizing {{Civil Conflict}}: {{Civilian Defense Militias}} and the {{Logic}} of {{Violence}} in {{Intrastate Conflict}}},
	year = {2016}}

@book{CoboRomero:2005aa,
	address = {{Granada}},
	author = {Cobo Romero, Francisco and Ortega L{\'o}pez, Teresa Mar{\'\i}a},
	publisher = {{Editorial Universidad de Granada}},
	title = {Franquismo y Posguerra En {{Andaluc\'ia Oriental}}: {{Represi\'on}}, Castigo a Los Vencidos y Apoyos Sociales al R\'egimen Franquista, 1936-1950},
	year = {2005}}

@article{Collier:2002aa,
	author = {Collier, Paul and Sambanis, Nicholas},
	journal = {The Journal of Conflict Resolution},
	number = {1},
	pages = {3--12},
	publisher = {{JSTOR}},
	title = {Understanding Civil War: {{A}} New Agenda},
	volume = {46},
	year = {2002}}

@book{Collier:2003aa,
	address = {{Washington DC}},
	author = {Collier, Paul and Elliot, V. L. and Hegre, H{\textbackslash}aavard and Hoeffler, Anke and {Reynal-Querol}, Marta and Sambanis, Nicholas},
	keywords = {g > recurrence},
	publisher = {{The World Bank and Oxford University Press}},
	title = {Breaking the Conflict Trap: {{Civil}} War and Development Policy},
	year = {2003}}

@article{Collier:2004aa,
	author = {Collier, Paul and Hoeffler, Anke},
	journal = {Oxford Economic Papers},
	number = {4},
	pages = {563--595},
	title = {Greed and Grievance in Civil War},
	volume = {56},
	year = {2004}}

@article{Collier:2008aa,
	author = {Collier, Paul and Hoeffler, Anke and S{\"o}derbom, M{\textbackslash}aans},
	journal = {Journal of Peace Research},
	keywords = {g > recurrence},
	number = {4},
	pages = {461--478},
	publisher = {{Sage Publications}},
	title = {Post-Conflict Risks},
	volume = {45},
	year = {2008}}

@article{Condra:2012aa,
	author = {Condra, Luke N and Shapiro, Jacob N},
	journal = {American Journal of Political Science},
	number = {1},
	pages = {167--187},
	publisher = {{Wiley Online Library}},
	title = {Who Takes the Blame? {{The}} Strategic Effects of Collateral Damage},
	volume = {56},
	year = {2012}}

@article{Costalli:2015aa,
	author = {Costalli, Stefano and Ruggeri, Andrea},
	journal = {International Security},
	number = {2},
	pages = {119--157},
	publisher = {{MIT Press}},
	title = {Indignation, Ideologies, and Armed Mobilization: {{Civil}} War in {{Italy}}, 1943\textendash 45},
	volume = {40},
	year = {2015}}

@article{Costalli:2015ab,
	author = {Costalli, Stefano and Ruggeri, Andrea},
	journal = {Political Geography},
	keywords = {postwar > polit parties,postwar > polit preferences,region > West Europe,unit > subnational},
	pages = {40--49},
	title = {Forging Political Entrepreneurs: {{Civil}} War Effects on Post-Conflict Politics in {{Italy}}},
	volume = {44},
	year = {2015}}

@article{Costalli:2017aa,
	author = {Costalli, Stefano and Ruggeri, Andrea},
	journal = {PS: Political Science and Politics},
	number = {4},
	pages = {923--927},
	publisher = {{Cambridge University Press}},
	title = {Emotions, Ideologies, and Violent Political Mobilization},
	volume = {50},
	year = {2017}}

@article{Costalli:2018aa,
	author = {Costalli, Stefano and Ruggeri, Andrea},
	journal = {Comparative Political Studies},
	pages = {1--35},
	publisher = {{SAGE Publications Sage CA: Los Angeles, CA}},
	title = {The {{Long}}-{{Term Electoral Legacies}} of {{Civil War}} in {{Young Democracies}}: {{Italy}}, 1946-1968},
	year = {2018}}

@article{Cuco-Giner:1970aa,
	author = {{Cuco-Giner}, Alfons},
	journal = {Saitabi: Revista de la Facultat de Geografia i Hist\`oria},
	pages = {181--202},
	publisher = {{Facultat de Geografia i Hist\`oria}},
	title = {Contribuci\'on a Un Estudio Cuantitativo de La {{CNT}}},
	volume = {20},
	year = {1970}}

@article{CulturalSurvival:1988aa,
	author = {{Cultural Survival}},
	journal = {Cultural Survival Quarterly},
	number = {3},
	pages = {11--17},
	title = {Counterinsurgency and the Development Pole Strategy in {{Guatemala}}: {{A Cultural Survival}} Research Report.},
	volume = {12},
	year = {1988}}

@article{Daly:2012aa,
	author = {Daly, Sarah Zukerman},
	journal = {Journal of Peace Research},
	keywords = {g > civil war,g > collective action,region > Latin America,unit > subnational},
	number = {3},
	pages = {473--491},
	publisher = {{SAGE Publications}},
	title = {Organizational Legacies of Violence: {{Conditions}} Favoring Insurgency Onset in {{Colombia}}, 1964\textendash 1984},
	volume = {49},
	year = {2012}}

@article{Daly:2014aa,
	author = {Daly, Sarah Zukerman},
	journal = {Comparative Politics},
	keywords = {g > recurrence,postwar > violence,region > Latin America,unit > organisations},
	number = {3},
	pages = {333--353},
	title = {The Dark Side of Power-Sharing: {{Middle}} Managers and Civil War Recurrence},
	volume = {46},
	year = {2014}}

@book{Daly:2016aa,
	address = {{New York}},
	author = {Daly, Sarah Zukerman},
	keywords = {g > recurrence,postwar > violence,region > Latin America,unit > organisations},
	publisher = {{Cambridge University Press}},
	title = {Organized Violence after Civil War: {{The}} Geography of Recruitment in {{Latin America}}},
	year = {2016}}

@article{Daly:2019aa,
	author = {Daly, Sarah Zukerman},
	journal = {World Politics},
	number = {4},
	pages = {747--805},
	publisher = {{Cambridge University Press}},
	title = {Voting for {{Victors}}: {{Why Violent Actors Win Postwar Elections}}},
	volume = {71},
	year = {2019}}

@book{Dearden:2016aa,
	author = {Dearden, Lizzie},
	title = {Former {{US}} Military Adviser {{David Kilcullen}} Says There Would Be No {{ISIS}} without {{Iraq}} Invasion},
	year = {2016}}

@article{DeJuan:2016aa,
	author = {De Juan, Alexander and Pierskalla, Jan Henryk},
	journal = {Conflict Management and Peace Science},
	keywords = {postwar > attit/behavior,postwar > polit preferences,region > Asia,unit > individual},
	number = {1},
	pages = {67--88},
	publisher = {{SAGE Publications}},
	title = {Civil War Violence and Political Trust: {{Microlevel}} Evidence from {{Nepal}}},
	volume = {33},
	year = {2016}}

@book{DelaCalle:2015aa,
	author = {{De la Calle}, Luis},
	file = {/Users/franvillamil/Zotero/storage/DCKA573K/books.html},
	publisher = {{Cambridge University Press}},
	title = {Nationalist Violence in Postwar {{Europe}}},
	year = {2015}}

@book{DelAguila:2001aa,
	address = {{Barcelona}},
	author = {Del Aguila, Juan Jos{\'e}},
	publisher = {{Editorial Planeta}},
	title = {El {{TOP}}: La Represi\'on de La Libertad (1963\textendash 1977)},
	year = {2001}}

@incollection{Domenech:2009aa,
	address = {{Madrid}},
	author = {Dom{\`e}nech, Xavier},
	booktitle = {`{{Nosotros}} Los Comunistas': {{Memoria}}, Identidad e Historia Social},
	editor = {Bueno Lluch, Manuel and G{\'a}lvez Biesca, Sergio},
	pages = {93--138},
	publisher = {{Fundaci\'on de Investigaciones Marxistas}},
	title = {Cenizas Que Ard\'ian Todav\'ia: {{La}} Identidad Comunista En El Tardofranquismo y La Transici\'on},
	year = {2009}}

@article{Domenech:2010aa,
	author = {Dom{\`e}nech, Xavier},
	journal = {Ayer},
	number = {79},
	pages = {283--296},
	title = {La Formaci\'on de La Clase Obrera Bajo El Franquismo: {{Nuevos}} Debates},
	year = {2010}}

@book{Dominguez:2010aa,
	author = {Dom{\'\i}nguez, Andres and Somoza, Antonio and Fern{\'a}ndez, Lourenzo},
	title = {\textquestiondown{{Qu\'e}} Le Pas\'o a Pap\'a?: 1936, El Poder de La Memoria.},
	year = {2010}}

@article{Dorff:2017aa,
	author = {Dorff, Cassy},
	journal = {Journal of Peace Research},
	number = {4},
	pages = {558--573},
	publisher = {{SAGE Publications Sage UK: London, England}},
	title = {Violence, Kinship Networks, and Political Resilience: {{Evidence}} from {{Mexico}}},
	volume = {54},
	year = {2017}}

@article{Dormann:2007aa,
	author = {Dormann, Carsten F and M McPherson, Jana and B Ara{\'u}jo, Miguel and Bivand, Roger and Bolliger, Janine and Carl, Gudrun and G Davies, Richard and Hirzel, Alexandre and Jetz, Walter and Daniel Kissling, W and others},
	journal = {Ecography},
	number = {5},
	pages = {609--628},
	publisher = {{Wiley Online Library}},
	title = {Methods to Account for Spatial Autocorrelation in the Analysis of Species Distributional Data: A Review},
	volume = {30},
	year = {2007}}

@article{Douglass:2018aa,
	author = {Douglass, Rex W and Harkness, Kristen A},
	journal = {Journal of Peace Research},
	number = {2},
	pages = {190--205},
	publisher = {{SAGE Publications Sage UK: London, England}},
	title = {Measuring the Landscape of Civil War: {{Evaluating}} Geographic Coding Decisions with Historic Data from the {{Mau Mau}} Rebellion},
	volume = {55},
	year = {2018}}

@article{Dowd:2015aa,
	author = {Dowd, Caitriona},
	journal = {Research \& Politics},
	number = {4},
	pages = {2053168015607891},
	publisher = {{SAGE Publications}},
	title = {Actor Proliferation and the Fragmentation of Violent Groups in Conflict},
	volume = {2},
	year = {2015}}

@article{Downes:2007aa,
	author = {Downes, Alexander B},
	journal = {Civil Wars},
	number = {4},
	pages = {420--444},
	publisher = {{Taylor \& Francis}},
	title = {Draining the Sea by Filling the Graves: {{Investigating}} the Effectiveness of Indiscriminate Violence as a Counterinsurgency Strategy},
	volume = {9},
	year = {2007}}

@article{Doyle:2000aa,
	author = {Doyle, Michael W and Sambanis, Nicholas},
	journal = {American political science review},
	keywords = {g > peacebuilding,region > global},
	number = {04},
	pages = {779--801},
	publisher = {{Cambridge Univ Press}},
	title = {International Peacebuilding: {{A}} Theoretical and Quantitative Analysis},
	volume = {94},
	year = {2000}}

@book{Doyle:2006aa,
	author = {Doyle, Michael W and Sambanis, Nicholas},
	publisher = {{Princeton University Press}},
	title = {Making War and Building Peace: {{United Nations}} Peace Operations},
	year = {2006}}

@article{Dresden:2015aa,
	author = {Dresden, Jennifer Raymond},
	journal = {Conflict Management and Peace Science},
	keywords = {postwar > polit parties,postwar > polit preferences},
	pages = {Online first},
	title = {From Combatants to Candidates: {{Electoral}} Competition and the Legacy of Armed Conflict},
	year = {2015}}

@article{Driscoll:2016aa,
	author = {Driscoll, Jesse and Maliniak, Daniel},
	journal = {The Journal of Politics},
	number = {1},
	pages = {265--280},
	publisher = {{University of Chicago Press Chicago, IL}},
	title = {Did {{Georgian}} Voters Desire Military Escalation in 2008? {{Experiments}} and Observations},
	volume = {78},
	year = {2016}}

@article{Druckman:2003aa,
	author = {Druckman, James N and Nelson, Kjersten R},
	journal = {American Journal of Political Science},
	number = {4},
	pages = {729--745},
	publisher = {{Wiley Online Library}},
	title = {Framing and Deliberation: {{How}} Citizens' Conversations Limit Elite Influence},
	volume = {47},
	year = {2003}}

@book{Dunning:2012aa,
	author = {Dunning, Thad},
	publisher = {{Cambridge University Press}},
	title = {Natural Experiments in the Social Sciences: {{A}} Design-Based Approach},
	year = {2012}}

@book{Dupuy:2018aa,
	author = {Dupuy, Kendra and Rustad, Siri Aas},
	title = {Trends in {{Armed Conflict}}, 1946\textendash 2017.},
	year = {2018}}

@book{Durkheim:1897aa,
	address = {{Paris}},
	author = {Durkheim, {\'E}mile},
	publisher = {{F\'elix Alcan}},
	title = {Le {{Suicide}}: {{\'Etude}} de Sociologie},
	year = {1897}}

@article{Dyrstad:2012aa,
	author = {Dyrstad, Karin},
	journal = {Journal of Peace Research},
	number = {6},
	pages = {817--831},
	publisher = {{Sage Publications Sage UK: London, England}},
	title = {After Ethnic Civil War: {{Ethno}}-Nationalism in the {{Western Balkans}}},
	volume = {49},
	year = {2012}}

@article{Eck:2007aa,
	author = {Eck, Kristine and Hultman, Lisa},
	journal = {Journal of Peace Research},
	number = {2},
	pages = {233--246},
	publisher = {{Sage Publications Sage UK: London, England}},
	title = {One-Sided Violence against Civilians in War: {{Insights}} from New Fatality Data},
	volume = {44},
	year = {2007}}

@article{Eck:2012aa,
	author = {Eck, Kristine},
	journal = {Cooperation and Conflict},
	keywords = {= Data},
	number = {1},
	pages = {124--141},
	publisher = {{Sage Publications}},
	title = {In Data We Trust? {{A}} Comparison of {{UCDP GED}} and {{ACLED}} Conflict Events Datasets},
	volume = {47},
	year = {2012}}

@article{Eifert:2010aa,
	author = {Eifert, Benn and Miguel, Edward and Posner, Daniel N},
	journal = {American Journal of Political Science},
	keywords = {g > ethnic mobilization,g > identity},
	number = {2},
	pages = {494--510},
	publisher = {{Wiley Online Library}},
	title = {Political Competition and Ethnic Identification in {{Africa}}},
	volume = {54},
	year = {2010}}

@article{Elbadawi:2002aa,
	author = {Elbadawi, Ibrahim and Sambanis, Nicholas},
	journal = {Journal of conflict resolution},
	keywords = {g > civil war},
	number = {3},
	pages = {307--334},
	publisher = {{Sage Publications}},
	title = {How Much War Will We See? {{Explaining}} the Prevalence of Civil War},
	volume = {46},
	year = {2002}}

@book{EquipodeApoyoSindical:1992aa,
	author = {{Equipo de Apoyo Sindical}},
	title = {Alerta Urgente: {{Campa\~na}} Por La Paz y El Respeto a Los Derechos Humanos En {{Guatemala}}.},
	year = {1992}}

@book{Ertman:1997aa,
	author = {Ertman, Thomas},
	keywords = {g > state-building},
	publisher = {{Cambridge University Press}},
	title = {Birth of the {{Leviathan}}: {{Building}} States and Regimes in Medieval and Early Modern {{Europe}}},
	year = {1997}}

@book{EuskoJaurlaritza:2016aa,
	author = {{Eusko Jaurlaritza}},
	title = {Resultados {{Segunda Rep\'ublica}}},
	year = {2016}}

@book{EuskoJaurlaritza:2018aa,
	author = {{Eusko Jaurlaritza}},
	title = {Personas Desaparecidas},
	year = {2018}}

@article{Evans:2010aa,
	author = {Evans, Geoffrey and Pickup, Mark},
	journal = {The Journal of Politics},
	number = {4},
	pages = {1236--1251},
	publisher = {{Cambridge University Press New York, USA}},
	title = {Reversing the Causal Arrow: {{The}} Political Conditioning of Economic Perceptions in the 2000\textendash 2004 {{US}} Presidential Election Cycle},
	volume = {72},
	year = {2010}}

@article{Fair:2018aa,
	author = {Fair, C Christine and Littman, Rebecca and Malhotra, Neil and Shapiro, Jacob N},
	journal = {Political Science Research and Methods},
	number = {1},
	pages = {57--81},
	publisher = {{Cambridge University Press}},
	title = {Relative Poverty, Perceived Violence, and Support for Militant Politics: {{Evidence}} from {{Pakistan}}},
	volume = {6},
	year = {2018}}

@article{Fearon:1995aa,
	author = {Fearon, James D},
	journal = {International organization},
	keywords = {g > civil war},
	number = {03},
	pages = {379--414},
	publisher = {{Cambridge Univ Press}},
	title = {Rationalist Explanations for War},
	volume = {49},
	year = {1995}}

@article{Fearon:2003aa,
	author = {Fearon, James D. and Laitin, David D.},
	journal = {American Political Science Review},
	number = {1},
	pages = {75--90},
	title = {Ethnicity, Insurgency, and Civil War},
	volume = {97},
	year = {2003}}

@article{Fearon:2011aa,
	author = {Fearon, James D and Laitin, David D},
	journal = {World Development},
	number = {2},
	pages = {199--211},
	publisher = {{Elsevier}},
	title = {Sons of the Soil, Migrants, and Civil War},
	volume = {39},
	year = {2011}}

@book{Fearon:2014aa,
	author = {Fearon, James D and Laitin, David D},
	keywords = {g > recurrence},
	title = {Does Contemporary Armed Conflict Have `deep Historical Roots'?},
	year = {2014}}

@book{Fernandez:2018aa,
	author = {Fern{\'a}ndez, Lourenzo and Grand{\'\i}o, Emilio and Manoel N{\'u}{\~n}ez, Xos{\'e} and Pereira, Dionisio and Prada, Julio and Souto, Mar{\'\i}a Jes{\'u}s},
	title = {Proxecto {{Nomes}} e {{Voces}} [{{Project Names}} and {{Voices}}]},
	year = {2018}}

@book{Ferrandiz:2014aa,
	address = {{Barcelona}},
	author = {Ferr{\'a}ndiz, Francisco},
	publisher = {{Anthropos}},
	title = {El Pasado Bajo Tierra: {{Exhumaciones}} Contempor\'aneas de La Guerra Civil},
	year = {2014}}

@article{Finkel:2015aa,
	author = {Finkel, Evgeny},
	journal = {American Political Science Review},
	number = {2},
	pages = {339--353},
	publisher = {{Cambridge University Press}},
	title = {The Phoenix Effect of State Repression: {{Jewish}} Resistance during the {{Holocaust}}},
	volume = {109},
	year = {2015}}

@book{Finnegan:1992aa,
	address = {{Berkeley and Los Angeles}},
	author = {Finnegan, William},
	publisher = {{University of California Press}},
	title = {A Complicated War: {{The}} Harrowing of {{Mozambique}}},
	year = {1992}}

@book{Fisher:2003aa,
	author = {Fisher, Ian},
	title = {U.{{S}}. Troops Fire on {{Iraqi}} Protesters, Leaving 15 Dead},
	year = {2003}}

@article{Fisk:2014aa,
	author = {Fisk, Kerstin},
	journal = {Civil Wars},
	keywords = {= Data,g > civil war},
	number = {3},
	pages = {255--275},
	publisher = {{Taylor \& Francis}},
	title = {Refugee Geography and the Diffusion of Armed Conflict in {{Africa}}},
	volume = {16},
	year = {2014}}

@article{Fisk:2016aa,
	author = {Fisk, Kerstin},
	journal = {Journal of Conflict Resolution},
	keywords = {= Data,g > civil war},
	number = {online first},
	title = {One-{{Sided Violence}} in {{Refugee}}-{{Populated Areas}}},
	year = {2016}}

@article{Fjelde:2014aa,
	author = {Fjelde, Hanne and Hultman, Lisa},
	journal = {Journal of Conflict Resolution},
	keywords = {g > civil war,g > OSV,region > SS Africa,unit > subnational},
	number = {7},
	pages = {1230--1257},
	publisher = {{SAGE Publications}},
	title = {Weakening the {{Enemy A Disaggregated Study}} of {{Violence}} against {{Civilians}} in {{Africa}}},
	volume = {58},
	year = {2014}}

@book{Fjelde:2016aa,
	author = {Fjelde, Hanne and Schubiger, Livia Isabella and Hultman, Lisa and Cederman, Lars-Erik and Hug, Simon},
	keywords = {g > OSV},
	title = {Ethnicity and Wartime Civilian Abuse},
	year = {2016}}

@article{Fjelde:2019aa,
	author = {Fjelde, Hanne and Schubiger, Livia Isabella and Hultman, Lisa and Cederman, Lars-Erik and Hug, Simon and Sollenberg, Margareta},
	journal = {Conflict Management and Peace Science},
	keywords = {g > OSV},
	number = {NA},
	title = {Introducing the Ethnic One-Sided Violence Dataset},
	volume = {NA},
	year = {2019}}

@book{Fontana:2017aa,
	author = {Fontana, Nicola and Nannicini, Tommaso and Tabellini, Guido},
	publisher = {{Working Paper}},
	title = {Historical {{Roots}} of {{Political Extremism}}: The {{Effects}} of {{Nazi Occupation}} of {{Italy}}},
	year = {2017}}

@book{Forster:2001aa,
	address = {{Pittsburgh}},
	author = {Forster, Cindy},
	publisher = {{University of Pittsburgh Press}},
	title = {The Time of Freedom: {{Campesino}} Workers in {{Guatemala}}'s {{October}} Revolution},
	year = {2001}}

@article{Forster:2010aa,
	author = {F{\"o}rster, Till},
	journal = {Development and Change},
	keywords = {g > governance,region > Cote d'Ivoire},
	number = {4},
	pages = {699--722},
	publisher = {{Wiley Online Library}},
	title = {Maintenant, on Sait Qui Est Qui: {{Statehood}} and {{Political Reconfiguration}} in {{Northern C\^ote}} d'{{Ivoire}}},
	volume = {41},
	year = {2010}}

@article{Fortna:2004aa,
	author = {Fortna, Virginia Page},
	journal = {International studies quarterly},
	number = {2},
	pages = {269--292},
	publisher = {{Wiley Online Library}},
	title = {Does Peacekeeping Keep Peace? {{International}} Intervention and the Duration of Peace after Civil War},
	volume = {48},
	year = {2004}}

@article{Fortna:2012aa,
	author = {Fortna, Virginia Page and Huang, Reyko},
	journal = {International Studies Quarterly},
	keywords = {g > peacebuilding},
	pages = {801--808},
	title = {Democratization after Civil War},
	volume = {56},
	year = {2012}}

@book{Fouka:2016aa,
	author = {Fouka, Vasiliki and Voth, Hans-Joachim},
	title = {Reprisals Remembered: {{German}}-{{Greek}} Conflict and Car Sales during the {{Euro}} Crisis},
	year = {2016}}

@article{Fumerton:2001aa,
	author = {Fumerton, Mario},
	journal = {Bulletin of Latin American Research},
	keywords = {g > militias,region > Latin America,unit > quali case study},
	number = {4},
	pages = {470--497},
	publisher = {{Wiley Online Library}},
	title = {Rondas {{Campesinas}} in the {{Peruvian Civil War}}: {{Peasant Self}}-Defence {{Organisations}} in {{Ayacucho}}},
	volume = {20},
	year = {2001}}

@article{Galtung:1969aa,
	author = {Galtung, Johan},
	journal = {Journal of Peace Research},
	number = {3},
	pages = {167--191},
	publisher = {{Sage Publications Sage CA: Thousand Oaks, CA}},
	title = {Violence, Peace, and Peace Research},
	volume = {6},
	year = {1969}}

@book{Gamson:1992aa,
	address = {{New York}},
	author = {Gamson, William A},
	publisher = {{Cambridge University Press}},
	title = {Talking {{Politics}}},
	year = {1992}}

@book{Garcia-Ponce:2015aa,
	author = {{Garc{\'\i}a-Ponce}, Omar and Pasquale, Benjamin},
	title = {How {{Political Violence Shapes Trust}} in the {{State}}: {{Survey Evidence}} from {{Sub}}-{{Saharan Africa}}},
	year = {2015}}

@book{Garcia:2011aa,
	author = {Garc{\'\i}a, Carmen and Alonso, Pedro L and {\'A}lvarez, Gustavo and Cabrero, Claudia and Caunedo, Amaya and D{\'\i}az, Irene},
	title = {Base de Datos de Las V\'ictimas de La Guerra Civil y de La Represi\'on Franquista En {{Asturias}}},
	year = {2011}}

@incollection{GarciaPineiro:2001aa,
	address = {{Gij\'on}},
	author = {Garc{\'\i}a Pi{\~n}eiro, Ram{\'o}n},
	booktitle = {Valent\'in {{Vega}}, Fot\'ografo de Calle (1941-1951)},
	editor = {L{\'o}pez, Juaco and Lombard{\'\i}a, Carmen},
	publisher = {{Mus\'eu del Pueblu d'Asturies}},
	title = {Actitudes Social En La {{Asturias}} de Postguerra},
	year = {2001}}

@book{GarciaPineiro:2015aa,
	address = {{Oviedo}},
	author = {Garc{\'\i}a Pi{\~n}eiro, Ram{\'o}n},
	publisher = {{KRK}},
	title = {Luchadores Del Ocaso: {{Represi\'on}}, Guerrilla y Violencia Pol\'itica En La {{Asturias}} de Posguerra (1937-1952)},
	year = {2015}}

@book{Garrard-Burnett:2010aa,
	address = {{New York}},
	author = {{Garrard-Burnett}, Virginia},
	publisher = {{Oxford University Press}},
	title = {Terror in the {{Land}} of the {{Holy Spirit}}: {{Guatemala}} under {{General Efrain Rios Montt}}, 1982-1983},
	year = {2010}}

@article{Gates:2012aa,
	author = {Gates, Scott and Hegre, H{\textbackslash}aavard and Nyg{\textbackslash}aard, H{\textbackslash}aavard Mokleiv and Strand, H{\textbackslash}aavard},
	journal = {World Development},
	keywords = {postwar > economy,region > global},
	number = {9},
	pages = {1713--1722},
	publisher = {{Elsevier}},
	title = {Development Consequences of Armed Conflict},
	volume = {40},
	year = {2012}}

@article{Gates:2016aa,
	author = {Gates, Scott and Nyg{\textbackslash}aard, H{\textbackslash}aavard Mokleiv and Trappeniers, Esther},
	journal = {Conflict Trends (PRIO Oslo)},
	number = {2},
	title = {Conflict Recurrence},
	year = {2016}}

@article{Gelman:2002aa,
	author = {Gelman, Andrew and Pasarica, Cristian and Dodhia, Rahul},
	journal = {The American Statistician},
	number = {2},
	pages = {121--130},
	publisher = {{Taylor \& Francis}},
	title = {Let's Practice What We Preach: {{Turning}} Tables into Graphs},
	volume = {56},
	year = {2002}}

@book{GermanZubero:1982aa,
	author = {Germ{\'a}n Zubero, Luis Gonzalo},
	title = {Elecciones y Partidos Pol\'iticos En {{Arag\'on}} Durante La {{Segunda Rep\'ublica}}: {{Estructura}} Econ\'omica y Comportamiento Pol\'itico.},
	year = {1982}}

@article{Gilligan:2014aa,
	author = {Gilligan, Michael J and Pasquale, Benjamin J and Samii, Cyrus},
	journal = {American Journal of Political Science},
	keywords = {postwar > attit/behavior,region > Asia,unit > individual},
	number = {3},
	pages = {604--619},
	publisher = {{Wiley Online Library}},
	title = {Civil War and Social Cohesion: {{Lab}}-in-the-Field Evidence from {{Nepal}}},
	volume = {58},
	year = {2014}}

@article{Glaurdic:2016aa,
	author = {Glaurdi{\'c}, Josip and Vukovi{\'c}, Vuk},
	journal = {Electoral Studies},
	pages = {135--145},
	publisher = {{Elsevier}},
	title = {Voting after War: {{Legacy}} of Conflict and the Economy as Determinants of Electoral Support in {{Croatia}}},
	volume = {42},
	year = {2016}}

@article{Glaurdic:2018aa,
	author = {Glaurdi{\'c}, Josip and Vukovi{\'c}, Vuk},
	journal = {East European Politics},
	number = {2},
	pages = {173--193},
	publisher = {{Taylor \& Francis}},
	title = {Post-War Voters as Fiscal Liberals: Local Elections, Spending, and War Trauma in Contemporary {{Croatia}}},
	volume = {34},
	year = {2018}}

@article{Gleditsch:2002aa,
	author = {Gleditsch, Nils Petter and Wallensteen, Peter and Eriksson, Mikael and Sollenberg, Margareta and Strand, H{\textbackslash}aavard},
	journal = {Journal of peace research},
	number = {5},
	pages = {615--637},
	publisher = {{Sage Publications}},
	title = {Armed Conflict 1946-2001: {{A}} New Dataset},
	volume = {39},
	year = {2002}}

@inproceedings{Gneezy:2012aa,
	author = {Gneezy, Ayelet and Fessler, Daniel MT},
	booktitle = {Proc. {{R}}. {{Soc}}. {{B}}},
	pages = {219--223},
	publisher = {{The Royal Society}},
	title = {Conflict, Sticks and Carrots: War Increases Prosocial Punishments and Rewards},
	volume = {279},
	year = {2012}}

@book{Goerlich:2006aa,
	address = {{Bilbao}},
	author = {Goerlich, Francisco and Mas, Matilde},
	publisher = {{Fundaci\'on BBVA}},
	title = {La Localizaci\'on de La Poblaci\'on Espa\~nola Sobre El Territorio: {{Un}} Siglo de Cambios},
	year = {2006}}

@article{Goerlich:2018aa,
	author = {Goerlich, Francisco and Ruiz, Francisco},
	journal = {Journal of Official Statistics},
	number = {1},
	pages = {83--106},
	title = {Typology and Representation of Alterations in Territorial Units: {{A}} Proposal},
	volume = {34},
	year = {2018}}

@article{Goldbaum:2003aa,
	author = {Goldbaum, Suzanne and Craig, Wendy M and Pepler, Debra and Connolly, Jennifer},
	journal = {Journal of Applied School Psychology},
	number = {2},
	pages = {139--156},
	publisher = {{Taylor \& Francis}},
	title = {Developmental Trajectories of Victimization: {{Identifying}} Risk and Protective Factors},
	volume = {19},
	year = {2003}}

@book{Goldstein:2011aa,
	address = {{New York}},
	author = {Goldstein, Joshua S},
	publisher = {{Dutton}},
	title = {Winning the {{War}} on {{War}}: {{The Decline}} of {{Armed Conflict Worldwide}}},
	year = {2011}}

@article{Gonzalez:2015aa,
	author = {Gonz{\'a}lez, Felipe and Miguel, Edward},
	journal = {Journal of Public Economics},
	keywords = {= Methods,postwar > attit/behavior,region > SS Africa,unit > individual},
	pages = {30--33},
	publisher = {{Elsevier}},
	title = {War and Local Collective Action in {{Sierra Leone}}: {{A}} Comment on the Use of Coefficient Stability Approaches},
	volume = {128},
	year = {2015}}

@book{GonzalezDuro:2003aa,
	address = {{Madrid}},
	author = {Gonz{\'a}lez Duro, Enrique},
	publisher = {{Oberon}},
	title = {El Miedo En La Posguerra},
	year = {2003}}

@book{Goodwin:2001aa,
	address = {{New York}},
	author = {Goodwin, Jeff},
	keywords = {g > civil war,g > OSV,region > global},
	publisher = {{Cambridge University Press}},
	title = {No Other Way out: {{States}} and Revolutionary Movements, 1945\textendash 1991},
	year = {2001}}

@book{Gould:1995aa,
	address = {{New York}},
	author = {Gould, Roger V},
	publisher = {{University of Chicago Press}},
	title = {Insurgent Identities: {{Class}}, Community, and Protest in {{Paris}} from 1848 to the {{Commune}}},
	year = {1995}}

@book{Gracia:2004aa,
	address = {{Madrid}},
	author = {Gracia, Jordi and Ruiz Carnicer, Miguel {\'A}ngel},
	publisher = {{S\'intesis}},
	title = {La {{Espa\~na}} de {{Franco}} (1939-1975): {{Cultura}} y Vida Cotidiana},
	year = {2004}}

@article{Granovetter:1978aa,
	author = {Granovetter, Mark},
	journal = {American journal of sociology},
	number = {6},
	pages = {1420--1443},
	publisher = {{University of Chicago Press}},
	title = {Threshold Models of Collective Behavior},
	volume = {83},
	year = {1978}}

@incollection{Green:1995aa,
	address = {{Berkeley and Los Angeles}},
	author = {Green, Linda},
	booktitle = {Fieldwork under Fire: {{Contemporary}} Studies of Violence and Survival},
	editor = {Nordstrom, Carolyn and Robben, Antonius C G M},
	pages = {105--127},
	publisher = {{University of California Press Berkeley}},
	title = {Living in a {{State}} of {{Fear}}},
	year = {1995}}

@article{Green:2012aa,
	author = {Green, Elliott},
	journal = {International Studies Quarterly},
	keywords = {g > state-building},
	number = {2},
	pages = {229--244},
	publisher = {{Wiley Online Library}},
	title = {On the {{Size}} and {{Shape}} of {{African States1}}},
	volume = {56},
	year = {2012}}

@article{Grosjean:2014aa,
	author = {Grosjean, Pauline},
	journal = {Comparative Economic Studies},
	keywords = {postwar > attit/behavior,region > global,unit > individual},
	number = {3},
	pages = {424--451},
	publisher = {{Nature Publishing Group}},
	title = {Conflict and Social and Political Preferences: {{Evidence}} from {{World War II}} and Civil Conflict in 35 {{European}} Countries},
	volume = {56},
	year = {2014}}

@article{Gutierrez-Sanin:2017aa,
	author = {{Guti{\'e}rrez-San{\'\i}n}, Francisco and Wood, Elisabeth Jean},
	journal = {Perspectives on Politics},
	number = {1},
	pages = {20--41},
	publisher = {{Cambridge University Press}},
	title = {What Should We Mean by `pattern of Political Violence'? {{Repertoire}}, Targeting, Frequency, and Technique},
	volume = {15},
	year = {2017}}

@incollection{GutierrezLazaro:2007aa,
	address = {{Madrid}},
	author = {Guti{\'e}rrez L{\'a}zaro, Cecilia},
	booktitle = {Memorias Hist\'oricasde {{Espa\~na}} (Siglo {{XX}})},
	editor = {Cuesta, Josefina},
	pages = {336--353},
	publisher = {{Fundaci\'on Francisco Largo Caballero}},
	title = {Violencia Pol\'itica En La Provincia de {{Santander}} Durante El {{Franquismo}}: {{La}} Destrucci\'on de La Memoria Obrera},
	year = {2007}}

@article{Hainmueller:2012aa,
	author = {Hainmueller, Jens},
	journal = {Political Analysis},
	keywords = {= Methods},
	number = {20},
	pages = {25--46},
	title = {Entropy Balancing for Causal Effects: {{A}} Multivariate Reweighting Method to Produce Balanced Samples in Observational Studies},
	year = {2012}}

@article{Hale:1997aa,
	author = {Hale, Charles R},
	journal = {Current Anthropoligy},
	number = {5},
	pages = {817--838},
	title = {Conciousness, {{Violence}}, and the {{Politics}} of {{Memory}} in {{Guatemala}}},
	volume = {36},
	year = {1997}}

@article{Hammond:2014aa,
	author = {Hammond, Jesse and Weidmann, Nils B},
	journal = {Research \& Politics},
	number = {2},
	pages = {2053168014539924},
	publisher = {{SAGE Publications Sage UK: London, England}},
	title = {Using Machine-Coded Event Data for the Micro-Level Study of Political Violence},
	volume = {1},
	year = {2014}}

@book{Handy:1994aa,
	author = {Handy, Jim},
	publisher = {{Univ of North Carolina Press}},
	title = {Revolution in the Countryside: {{Rural}} Conflict and Agrarian Reform in {{Guatemala}}, 1944-1954},
	year = {1994}}

@article{Hartzell:2001aa,
	author = {Hartzell, Caroline A and Hoddie, Matthew and Rothchild, Donald},
	journal = {International organization},
	number = {01},
	pages = {183--208},
	publisher = {{Cambridge Univ Press}},
	title = {Stabilizing the Peace after Civil War: {{An}} Investigation of Some Key Variables},
	volume = {55},
	year = {2001}}

@article{Hartzell:2009aa,
	author = {Hartzell, Caroline A},
	journal = {Conflict Management and Peace Science},
	keywords = {g > recurrence},
	number = {4},
	pages = {347--365},
	publisher = {{SAGE Publications}},
	title = {Settling {{Civil Wars Armed Opponents}}' {{Fates}} and the {{Duration}} of the {{Peace}}},
	volume = {26},
	year = {2009}}

@article{Hartzell:2015aa,
	author = {Hartzell, Caroline A and Hoddie, Matthew},
	journal = {World Politics},
	keywords = {g > recurrence},
	number = {01},
	pages = {37--71},
	publisher = {{Cambridge Univ Press}},
	title = {The {{Art}} of the {{Possible}}: {{Power Sharing}} and {{Post}}\textemdash{{Civil War Democracy}}},
	volume = {67},
	year = {2015}}

@book{Herbst:2000aa,
	address = {{Princeton}},
	author = {Herbst, Jeffrey},
	keywords = {g > state-building},
	publisher = {{Princeton University Press}},
	title = {States and {{Power}} in {{Africa}}: {{Comparative Lessons}} in {{Authority}} and {{Control}}},
	year = {2000}}

@book{HernandezSandoica:2007aa,
	address = {{Madrid}},
	author = {Hern{\'a}ndez Sandoica, Elena and Ruiz Carnicer, Miguel {\'A}ngel and Bald{\'o} Lacomba, Marc},
	publisher = {{La Esfera de los Libros}},
	title = {Estudiantes Contra {{Franco}}: {{Oposici\'on}} Pol\'itica y Movilizaci\'on Juvenil (1939-1975)},
	year = {2007}}

@article{Herreros:2009aa,
	author = {Herreros, Francisco and Criado, Henar},
	file = {/Users/franvillamil/Documents/Academic/Papers/Herreros_Criado_2009_Pre-emptive or.pdf;/Users/franvillamil/Zotero/storage/L9ISGLGD/0022002709332208.html},
	journal = {Journal of Conflict Resolution},
	number = {3},
	pages = {419--445},
	publisher = {{Sage Publications Sage CA: Los Angeles, CA}},
	shorttitle = {Pre-Emptive or Arbitrary},
	title = {Pre-Emptive or Arbitrary: {{Two}} Forms of Lethal Violence in a Civil War},
	volume = {53},
	year = {2009}}

@article{Herreros:2011aa,
	author = {Herreros, Francisco},
	journal = {Politics \& Society},
	number = {2},
	pages = {175--202},
	publisher = {{Sage Publications Sage CA: Los Angeles, CA}},
	title = {Peace of Cemeteries: {{Civil}} War Dynamics in Postwar States' Repression},
	volume = {39},
	year = {2011}}

@article{Hierro:2018aa,
	author = {Hierro, Mar{\'\i}a Jos{\'e} and Gallego, Aina},
	journal = {Journal of Conflict Resolution},
	number = {6},
	pages = {1314--1339},
	publisher = {{SAGE Publications Sage CA: Los Angeles, CA}},
	title = {Identities in between: {{Political}} Conflict and Ethnonational Identities in Multicultural States},
	volume = {62},
	year = {2018}}

@article{Hirose:2017aa,
	author = {Hirose, Kentako and Imai, Kosuke and Lyall, Jason},
	journal = {Journal of Peace Research},
	number = {1},
	pages = {47--63},
	title = {Can Civilian Attitudes Predict Insurgent Violence? {{Ideology}} and Insurgent Tactical Choice in Civil War},
	volume = {54},
	year = {2017}}

@article{Ho:2007aa,
	author = {Ho, Daniel E and Imai, Kosuke and King, Gary and Stuart, Elizabeth A},
	journal = {Political Analysis},
	number = {3},
	pages = {199--236},
	publisher = {{Cambridge University Press}},
	title = {Matching as Nonparametric Preprocessing for Reducing Model Dependence in Parametric Causal Inference},
	volume = {15},
	year = {2007}}

@book{Hobolt:2018aa,
	author = {Hobolt, Sara B and Leeper, Thomas J and Tilley, James},
	title = {Divided by the {{Vote}}: {{Affective Polarization}} in the {{Wake}} of {{Brexit}}},
	year = {2018}}

@book{Hobsbawm:2007aa,
	author = {Hobsbawm, Eric},
	title = {War of Ideas},
	year = {2007}}

@book{Huang:2016aa,
	author = {Huang, Reyko},
	publisher = {{Cambridge University Press}},
	title = {The {{Wartime Origins}} of {{Democratization}}: {{Civil War}}, {{Rebel Governance}}, and {{Political Regimes}}},
	year = {2016}}

@article{Huckfeldt:1987aa,
	author = {Huckfeldt, Robert and Sprague, John},
	journal = {American Political Science Review},
	number = {4},
	pages = {1197--1216},
	publisher = {{Cambridge University Press}},
	title = {Networks in Context: {{The}} Social Flow of Political Information},
	volume = {81},
	year = {1987}}

@article{Huckfeldt:1993aa,
	author = {Huckfeldt, Robert and Plutzer, Eric and Sprague, John},
	journal = {The Journal of Politics},
	number = {2},
	pages = {365--381},
	publisher = {{University of Texas Press}},
	title = {Alternative Contexts of Political Behavior: {{Churches}}, Neighborhoods, and Individuals},
	volume = {55},
	year = {1993}}

@article{Huddy:2002aa,
	author = {Huddy, Leonie and Feldman, Stanley and Capelos, Theresa and Provost, Colin},
	journal = {Political Psychology},
	number = {3},
	pages = {485--509},
	publisher = {{Wiley Online Library}},
	title = {The Consequences of Terrorism: {{Disentangling}} the Effects of Personal and National Threat},
	volume = {23},
	year = {2002}}

@article{Hultman:2009aa,
	author = {Hultman, Lisa},
	journal = {Journal of Southern African Studies},
	keywords = {g > civil war,g > OSV,region > SS Africa,unit > quali case study},
	number = {4},
	pages = {821--834},
	publisher = {{Taylor \& Francis}},
	title = {The {{Power}} to {{Hurt}} in {{Civil War}}: {{The Strategic Aim}} of {{RENAMO Violence}}**},
	volume = {35},
	year = {2009}}

@article{Iacus:2011aa,
	author = {Iacus, Stefano M and King, Gary and Porro, Giuseppe},
	journal = {Journal of the American Statistical Association},
	keywords = {= Methods},
	number = {493},
	pages = {345--361},
	publisher = {{Taylor \& Francis}},
	title = {Multivariate Matching Methods That Are Monotonic Imbalance Bounding},
	volume = {106},
	year = {2011}}

@article{Iacus:2012aa,
	author = {Iacus, Stefano M and King, Gary and Porro, Giuseppe},
	journal = {Political Analysis},
	keywords = {= Methods},
	number = {20},
	pages = {1--24},
	title = {Causal Inference without Balance Checking: {{Coarsened}} Exact Matching},
	year = {2012}}

@book{IGN:2017aa,
	author = {{IGN}},
	title = {Nomencl\'ator {{Geogr\'afico}} de {{Municipios}} y {{Entidades}} de {{Poblaci\'on}}},
	year = {2017}}

@book{Ignatius:2015aa,
	author = {Ignatius, David},
	title = {How {{ISIS Spread}} in the {{Middle East}}},
	year = {2015}}

@book{Imparcial:1974aa,
	author = {Imparcial, El},
	title = {Huehuetecos Preocupados: {{Tres}} Padres {{Maryknoll}} Dejan Sus Parroquias},
	year = {1974}}

@book{Imparcial:1974ab,
	author = {Imparcial, El},
	title = {Feligreses de Comunidades En Defensa Del {{Padre Fox}}},
	year = {1974}}

@book{INE:2018aa,
	author = {{INE}},
	title = {Alteraciones de Los Municipios En Los {{Censos}} de {{Poblaci\'on}} Desde 1842, {{Instituto Nacional}} de {{Estad\'istica}}},
	year = {2018}}

@article{Ishiyama:2013aa,
	author = {Ishiyama, John and Widmeier, Michael},
	journal = {Civil Wars},
	number = {4},
	pages = {531--550},
	publisher = {{Taylor \& Francis}},
	title = {Territorial Control, Levels of Violence, and the Electoral Performance of Former Rebel Political Parties after Civil Wars},
	volume = {15},
	year = {2013}}

@article{Ishiyama:2014aa,
	author = {Ishiyama, John},
	journal = {Social Science Quarterly},
	keywords = {postwar > polit parties,region > global},
	number = {2},
	pages = {425--447},
	publisher = {{Wiley Online Library}},
	title = {Civil Wars and Party Systems},
	volume = {95},
	year = {2014}}

@article{Jaeger:2012aa,
	author = {Jaeger, David A and Klor, Esteban F and Miaari, Sami H and Paserman, M Daniele},
	journal = {Journal of Public Economics},
	number = {3-4},
	pages = {354--368},
	publisher = {{Elsevier}},
	title = {The Struggle for {{Palestinian}} Hearts and Minds: {{Violence}} and Public Opinion in the {{Second Intifada}}},
	volume = {96},
	year = {2012}}

@book{Jentzsch:2014aa,
	author = {Jentzsch, Corinna},
	keywords = {g > civil war,g > militias},
	title = {Militias and the Dynamics of Civil War},
	year = {2014}}

@article{Jentzsch:2015aa,
	author = {Jentzsch, Corinna and Kalyvas, Stathis N and Schubiger, Livia Isabella},
	journal = {Journal of Conflict Resolution},
	keywords = {= Lit reviews,g > militias},
	number = {5},
	pages = {755--769},
	publisher = {{SAGE Publications}},
	title = {Militias in Civil Wars},
	volume = {59},
	year = {2015}}

@article{Jha:2012aa,
	author = {Jha, Saumitra and Wilkinson, Steven},
	journal = {American Political Science Review},
	keywords = {g > collective action,postwar > attit/behavior},
	number = {04},
	pages = {883--907},
	publisher = {{Cambridge Univ Press}},
	title = {Does Combat Experience Foster Organizational Skill? {{Evidence}} from Ethnic Cleansing during the Partition of {{South Asia}}},
	volume = {106},
	year = {2012}}

@incollection{Jimenez:1985aa,
	address = {{San Jos\'e}},
	author = {Jim{\'e}nez, Dina},
	booktitle = {Movimientos Populares En {{Centroam\'erica}}},
	editor = {Camacho, Daniel and Menjivar, Rafael},
	pages = {293--343},
	publisher = {{EDUCA}},
	title = {El Movimiento Campesino En {{Guatemala}}, 1969\textendash 1980},
	year = {1985}}

@article{Johnson:2008aa,
	author = {Johnson, Howard and Thompson, Andrew},
	journal = {Clinical psychology review},
	number = {1},
	pages = {36--47},
	publisher = {{Elsevier}},
	title = {The Development and Maintenance of Post-Traumatic Stress Disorder ({{PTSD}}) in Civilian Adult Survivors of War Trauma and Torture: {{A}} Review},
	volume = {28},
	year = {2008}}

@article{Johnston:2016aa,
	author = {Johnston, Patrick B and Sarbahi, Anoop K},
	journal = {International Studies Quarterly},
	number = {2},
	pages = {203--219},
	publisher = {{Oxford University Press}},
	title = {The Impact of {{US}} Drone Strikes on Terrorism in {{Pakistan}}},
	volume = {60},
	year = {2016}}

@book{Jonas:2000aa,
	address = {{Boulder}},
	author = {Jonas, Susanne},
	publisher = {{Westview Press}},
	title = {Of Centaurs and Doves: {{Guatemala}}'s Peace Process},
	year = {2000}}

@article{Joseph:2016aa,
	author = {Joseph, Maxwell B and Preston, Daniel L and Johnson, Pieter TJ},
	journal = {Ecology},
	keywords = {= Methods},
	number = {3},
	pages = {765--775},
	publisher = {{Wiley Online Library}},
	title = {Integrating Occupancy Models and Structural Equation Models to Understand Species Occurrence},
	volume = {97},
	year = {2016}}

@book{Julia:1999aa,
	address = {{Madrid}},
	author = {Juli{\'a}, Santos},
	publisher = {{Temas de Hoy}},
	title = {V\'ictimas de La {{Guerra Civil}}},
	year = {1999}}

@article{Kalyvas:2003aa,
	author = {Kalyvas, Stathis N},
	journal = {Perspectives on Politics},
	keywords = {g > civil war},
	number = {03},
	pages = {475--494},
	publisher = {{Cambridge Univ Press}},
	title = {The Ontology of ``Political Violence'': Action and Identity in Civil Wars},
	volume = {1},
	year = {2003}}

@book{Kalyvas:2006aa,
	address = {{Cambridge}},
	author = {Kalyvas, Stathis N.},
	keywords = {g > OSV},
	publisher = {{Cambridge University Press}},
	title = {The Logic of Violence in Civil War},
	year = {2006}}

@article{Kalyvas:2007aa,
	author = {Kalyvas, Stathis N and Kocher, Matthew},
	journal = {World Politics},
	number = {2},
	pages = {177--216},
	publisher = {{Cambridge Univ Press}},
	title = {How ``{{Free}}'' Is {{Free}}-{{Riding}} in {{Civil Wars}}?},
	volume = {59},
	year = {2007}}

@article{Kalyvas:2008aa,
	author = {Kalyvas, Stathis N},
	journal = {Comparative Political Studies},
	number = {8},
	pages = {1043--1068},
	publisher = {{Sage Publications}},
	title = {Ethnic Defection in Civil War},
	volume = {41},
	year = {2008}}

@incollection{Kalyvas:2008ab,
	address = {{Cambridge}},
	author = {Kalyvas, Stathis N.},
	booktitle = {Order, Conflict, and Violence},
	editor = {Kalyvas, Stathis N. and Shapiro, Ian and Masoud, Tarek},
	pages = {397--421},
	publisher = {{Cambridge University Press}},
	title = {Promises and Pitfalls of an Emerging Research Program: {{The}} Microdynamics of Civil War},
	year = {2008}}

@article{Kalyvas:2008ac,
	author = {Kalyvas, Stathis N},
	journal = {European Review of History\textemdash Revue europ\'eenne d'histoire},
	number = {2},
	pages = {129--142},
	publisher = {{Taylor \& Francis}},
	title = {Armed Collaboration in {{Greece}}, 1941\textendash 1944},
	volume = {15},
	year = {2008}}

@article{Kalyvas:2010aa,
	author = {Kalyvas, Stathis N and Balcells, Laia},
	journal = {American Political Science Review},
	number = {03},
	pages = {415--429},
	publisher = {{Cambridge Univ Press}},
	title = {International System and Technologies of Rebellion: {{How}} the End of the Cold War Shaped Internal Conflict},
	volume = {104},
	year = {2010}}

@book{Kaplan:1993aa,
	address = {{New York}},
	author = {Kaplan, Robert D},
	publisher = {{Random House}},
	title = {Balkan Ghosts},
	year = {1993}}

@article{Kaplan:1994aa,
	author = {Kaplan, Robert D},
	journal = {Globalization and the Challenges of a New Century: A Reader (Bloomington: Indiana University Press, 2000)},
	pages = {34--60},
	title = {The Coming Anarchy},
	year = {1994}}

@article{Kaplan:2005aa,
	author = {Kaplan, Edward H and Mintz, Alex and Mishal, Shaul and Samban, Claudio},
	journal = {Studies in Conflict \& Terrorism},
	number = {3},
	pages = {225--235},
	publisher = {{Taylor \& Francis}},
	title = {What Happened to Suicide Bombings in {{Israel}}? {{Insights}} from a Terror Stock Model},
	volume = {28},
	year = {2005}}

@article{Kasara:2016aa,
	author = {Kasara, Kimuli},
	journal = {Unpublished manuscript.},
	title = {Electoral Geography and Conflict: {{Examining}} the Redistricting through Violence in {{Kenya}}},
	year = {2016}}

@article{Kastellec:2007aa,
	author = {Kastellec, Jonathan P and Leoni, Eduardo L},
	journal = {Perspectives on Politics},
	number = {4},
	pages = {755--771},
	publisher = {{Cambridge University Press}},
	title = {Using Graphs Instead of Tables in {{Political Science}}},
	volume = {5},
	year = {2007}}

@article{Kaufmann:1996aa,
	author = {Kaufmann, Chaim},
	journal = {International security},
	keywords = {g > peacebuilding},
	number = {4},
	pages = {136--175},
	publisher = {{MIT Press}},
	title = {Possible and Impossible Solutions to Ethnic Civil Wars},
	volume = {20},
	year = {1996}}

@article{Keele:2015aa,
	author = {Keele, Luke J and Titiunik, Rocio},
	journal = {Political Analysis},
	keywords = {= Methods},
	number = {1},
	pages = {127--155},
	title = {Geographic Boundaries as Regression Discontinuities},
	volume = {23},
	year = {2015}}

@article{Klimek:2012aa,
	author = {Klimek, Peter and Yegorov, Yuri and Hanel, Rudolf and Thurner, Stefan},
	journal = {Proceedings of the National Academy of Sciences},
	keywords = {= Methods},
	number = {41},
	pages = {16469--16473},
	publisher = {{National Acad Sciences}},
	title = {Statistical Detection of Systematic Election Irregularities},
	volume = {109},
	year = {2012}}

@book{Kobrak:1997aa,
	author = {Kobrak, Paul},
	title = {Village Troubles: {{The}} Civil Patrols in {{Aguacatan}}, {{Guatemala}}},
	year = {1997}}

@incollection{Kobrak:2013aa,
	address = {{Durham}},
	author = {Kobrak, Paul},
	booktitle = {War by {{Other Means}}: {{Aftermath}} in {{Post}}-{{Genocide Guatemala}}},
	editor = {McAllister, Carlota and Nelson, Diane M},
	pages = {218--240},
	publisher = {{Duke University Press}},
	title = {The Long War in {{Colotenango}}: {{Guerrillas}}, {{Army}}, and {{Civil Patrols}}},
	year = {2013}}

@article{Kocher:2011aa,
	author = {Kocher, Matthew Adam and Pepinsky, Thomas B and Kalyvas, Stathis N},
	journal = {American Journal of Political Science},
	number = {2},
	pages = {201--218},
	publisher = {{Wiley Online Library}},
	title = {Aerial Bombing and Counterinsurgency in the {{Vietnam War}}},
	volume = {55},
	year = {2011}}

@article{Kocher:2016aa,
	author = {Kocher, Matthew A and Monteiro, Nuno P},
	journal = {Perspectives on Politics},
	number = {4},
	pages = {952--975},
	publisher = {{Cambridge University Press}},
	title = {Lines of {{Demarcation}}: {{Causation}}, {{Design}}-{{Based Inference}}, and {{Historical Research}}},
	volume = {14},
	year = {2016}}

@book{Kollman:2016aa,
	author = {Kollman, Ken and Hicken, Allen and Caramani, Daniele and Backer, David and Lublin, David},
	title = {Constituency-{{Level Elections Archive}}},
	year = {2016}}

@article{Koren:2015aa,
	author = {Koren, Ore},
	journal = {Conflict Management and Peace Science},
	keywords = {g > militias,g > OSV},
	pages = {0738894215600385},
	publisher = {{SAGE Publications}},
	title = {Means to an End: {{Pro}}-Government Militias as a Predictive Indicator of Strategic Mass Killing},
	year = {2015}}

@article{Krampe:2016aa,
	author = {Krampe, Florian},
	journal = {Conflict, Security \& Development},
	keywords = {g > governance,region > Asia,unit > quali case study},
	number = {1},
	pages = {53--73},
	publisher = {{Taylor \& Francis}},
	title = {Empowering Peace: Service Provision and State Legitimacy in {{Nepal}}'s Peace-Building Process},
	volume = {16},
	year = {2016}}

@incollection{Kreutz:2014aa,
	author = {Kreutz, Joakim},
	booktitle = {Routledge {{Handbook}} of {{Civil Wars}}},
	editor = {DeRouen Jr, Karl and Newman, Edward},
	pages = {349--362},
	publisher = {{Routledge}},
	title = {How Civil Wars End (and Recur)},
	year = {2014}}

@article{Kubota:2017aa,
	author = {Kubota, Yuichi},
	journal = {Latin American Politics and Society},
	number = {3},
	pages = {48--71},
	title = {Explaining State Violence in the {{Guatemalan Civil War}}: {{Rebel}} Threat and Counterinsurgency},
	volume = {59},
	year = {2017}}

@article{Kydd:2002aa,
	author = {Kydd, Andrew and Walter, Barbara F},
	journal = {International Organization},
	number = {02},
	pages = {263--296},
	publisher = {{Cambridge Univ Press}},
	title = {Sabotaging the Peace: {{The}} Politics of Extremist Violence},
	volume = {56},
	year = {2002}}

@article{Kydd:2006aa,
	author = {Kydd, Andrew H and Walter, Barbara F},
	journal = {International security},
	number = {1},
	pages = {49--80},
	publisher = {{MIT Press}},
	title = {The Strategies of Terrorism},
	volume = {31},
	year = {2006}}

@article{Lacina:2014aa,
	author = {Lacina, Bethany},
	journal = {American Journal of Political Science},
	number = {3},
	pages = {720--738},
	publisher = {{Wiley Online Library}},
	title = {How {{Governments Shape}} the {{Risk}} of {{Civil Violence}}: {{India}}'s {{Federal Reorganization}}, 1950\textendash 56},
	volume = {58},
	year = {2014}}

@book{LAPOP:2016aa,
	author = {{LAPOP}},
	keywords = {= Data},
	title = {{{AmericasBarometer}}},
	year = {2016}}

@book{LeBot:1992aa,
	address = {{Paris}},
	author = {Le Bot, Yvon},
	publisher = {{Karthala}},
	title = {La Guerre En Terre Maya: {{Communaut\'e}}, Violence et Modernit\'e Au {{Guatemala}} (1970-1992)},
	year = {1992}}

@book{Levenson-Estrada:1994aa,
	address = {{Chapel Hill and London}},
	author = {{Levenson-Estrada}, Deborah},
	publisher = {{University of North Carolina Press}},
	title = {Trade Unionists against Terror: {{Guatemala City}}, 1954\textendash 1985},
	year = {1994}}

@book{Lichbach:1995aa,
	address = {{Ann Arbor}},
	author = {Lichbach, Mark Irving},
	publisher = {{The University of Michigan Press}},
	title = {The Rebel's Dilemma},
	year = {1995}}

@article{Licklider:1995aa,
	author = {Licklider, Roy},
	journal = {American Political Science Review},
	keywords = {g > recurrence},
	number = {03},
	pages = {681--690},
	publisher = {{Cambridge Univ Press}},
	title = {The Consequences of Negotiated Settlements in Civil Wars, 1945\textendash 1993},
	volume = {89},
	year = {1995}}

@incollection{Lindgren:2005aa,
	address = {{Oxford and Athens}},
	author = {Lindgren, Bjorn},
	booktitle = {No {{Peace}}, {{No War}}: {{An Anthropology}} of {{Contemporary Armed Conflicts}}},
	editor = {Richards, Paul},
	pages = {158--164},
	publisher = {{James Currey and Ohio University Press}},
	title = {Memories of Violence: {{Recreation}} of Ethnicity in Post-Colonial {{Zimbabwe}}},
	year = {2005}}

@incollection{Lofving:2005aa,
	address = {{Oxford and Athens}},
	author = {L{\"o}fving, Staffan},
	booktitle = {No {{Peace}}, {{No War}}: {{An Anthropology}} of {{Contemporary Armed Conflicts}}},
	editor = {Richards, Paul},
	pages = {77--97},
	publisher = {{James Currey and Ohio University Press}},
	title = {Silence \& the {{Politics}} of {{Representing Rebellion}}: {{On}} the {{Emergence}} of the {{Neutral Maya}} in {{Guatemala}}},
	year = {2005}}

@book{Lubkemann:2008aa,
	address = {{Chicago}},
	author = {Lubkemann, Stephen C},
	keywords = {g > civil war,g > soc/psycho},
	publisher = {{University of Chicago Press}},
	title = {Culture in Chaos: {{An}} Anthropology of the Social Condition in War},
	year = {2008}}

@article{Luft:2015aa,
	abstract = {This article is about behavioral variation in genocide. Research frequently suggests that violent behaviors can be explained by or treated as synonymous with ethnic categories. This literature also tends to pre-group actors as perpetrators, victims, or bystanders for research purposes. However, evidence that individuals cross boundaries from killing to desistance and saving throughout genocide indicates that the relationship between behaviors and categories is often in flux. I thus introduce the concept of behavioral boundary crossing to examine when and how Hutu in 1994 Rwanda aligned with the killing behaviors expected of them and when and how they did not. I analyze interviews with 31 Hutu, revealing that transactional, relational, social-psychological, and cognitive mechanisms informed individuals' behaviors during the genocide. The result is a dynamic theory of action that explains participation without homogenizing individual experience due to presumptions about behavioral and categorical alignment.},
	author = {Luft, Aliza},
	doi = {10.1177/0735275115587721},
	issn = {0735-2751},
	journal = {Sociological Theory},
	language = {en},
	month = jun,
	number = {2},
	pages = {148--172},
	publisher = {{SAGE Publications Inc}},
	shorttitle = {Toward a {{Dynamic Theory}} of {{Action}} at the {{Micro Level}} of {{Genocide}}},
	title = {Toward a {{Dynamic Theory}} of {{Action}} at the {{Micro Level}} of {{Genocide}}: {{Killing}}, {{Desistance}}, and {{Saving}} in 1994 {{Rwanda}}},
	volume = {33},
	year = {2015},
	Bdsk-Url-1 = {https://doi.org/10.1177/0735275115587721}}

@article{Lupu:2017aa,
	author = {Lupu, Noam and Peisakhin, Leonid},
	journal = {American Journal of Political Science},
	number = {4},
	pages = {836--851},
	publisher = {{Wiley Online Library}},
	title = {The Legacy of Political Violence across Generations},
	volume = {61},
	year = {2017}}

@article{Lustick:1997aa,
	author = {Lustick, Ian S},
	journal = {International Organization},
	number = {04},
	pages = {653--683},
	publisher = {{Cambridge Univ Press}},
	title = {The Absence of {{Middle Eastern}} Great Powers: Political ``Backwardness'' in Historical Perspective},
	volume = {51},
	year = {1997}}

@article{Lyall:2009aa,
	author = {Lyall, Jason},
	journal = {Journal of Conflict Resolution},
	publisher = {{Sage Publications}},
	title = {Does Indiscriminate Violence Incite Insurgent Attacks? {{Evidence}} from {{Chechnya}}},
	year = {2009}}

@article{Lyall:2010aa,
	author = {Lyall, Jason},
	journal = {American Political Science Review},
	number = {01},
	pages = {1--20},
	publisher = {{Cambridge Univ Press}},
	title = {Are Coethnics More Effective Counterinsurgents? {{Evidence}} from the {{Second Chechen War}}},
	volume = {104},
	year = {2010}}

@article{Lyall:2013aa,
	author = {Lyall, Jason and Blair, Graeme and Imai, Kosuke},
	journal = {American Political Science Review},
	number = {04},
	pages = {679--705},
	publisher = {{Cambridge Univ Press}},
	title = {Explaining Support for Combatants during Wartime: {{A}} Survey Experiment in {{Afghanistan}}},
	volume = {107},
	year = {2013}}

@article{Lyons:1998aa,
	author = {Lyons, Renee F and Mickelson, Kristin D and Sullivan, Michael JL and Coyne, James C},
	journal = {Journal of Social and Personal Relationships},
	number = {5},
	pages = {579--605},
	publisher = {{Sage Publications Sage CA: Thousand Oaks, CA}},
	title = {Coping as a Communal Process},
	volume = {15},
	year = {1998}}

@article{MacGinty:2013aa,
	author = {Mac Ginty, Roger and Richmond, Oliver P},
	journal = {Third World Quarterly},
	keywords = {g > peacebuilding},
	number = {5},
	pages = {763--783},
	publisher = {{Taylor \& Francis}},
	title = {The Local Turn in Peace Building: {{A}} Critical Agenda for Peace},
	volume = {34},
	year = {2013}}

@book{Maestre:2004aa,
	address = {{Barcelona}},
	author = {Maestre, Francisco Espinosa and Casanova, Juli{\'a}n and Mir, Conxita and G{\'o}mez, Francisco Moreno},
	publisher = {{Cr\'itica}},
	title = {Morir, Matar, Sobrevivir: {{La}} Violencia En La Dictadura de {{Franco}}},
	year = {2004}}

@book{Mampilly:2011aa,
	address = {{Ithaca}},
	author = {Mampilly, Zachariah Cherian},
	keywords = {g > governance},
	publisher = {{Cornell University Press}},
	title = {Rebel Rulers: {{Insurgent}} Governance and Civilian Life during War},
	year = {2011}}

@book{Mann:1986aa,
	author = {Mann, Michael},
	keywords = {g > state-building},
	publisher = {{Cambridge: Cambridge University Press}},
	title = {The {{Sources}} of {{Social Power}}: {{A History}} of {{Power}} from the {{Beginning}} to {{AD}} 1760, Volume {{I}}},
	year = {1986}}

@article{Manning:2003aa,
	author = {Manning, Carrie},
	journal = {International Peacekeeping},
	keywords = {g > peacebuilding},
	number = {3},
	pages = {25--43},
	publisher = {{Taylor \& Francis}},
	title = {Local Level Challenges to Post-Conflict Peacebuilding},
	volume = {10},
	year = {2003}}

@article{Manning:2004aa,
	author = {Manning, Carrie},
	journal = {Democratization},
	number = {2},
	pages = {60--86},
	publisher = {{Taylor \& Francis}},
	title = {Elections and Political Change in Post-War {{Bosnia}} and {{Herzegovina}}},
	volume = {11},
	year = {2004}}

@book{Manning:2008aa,
	address = {{New York}},
	author = {Manning, Carrie},
	editor = {Macmillan, Palgrave},
	publisher = {{Springer}},
	title = {The Making of Democrats: {{Elections}} and Party Development in Postwar {{Bosnia}}, {{El Salvador}}, and {{Mozambique}}},
	year = {2008}}

@article{Manning:2016aa,
	author = {Manning, Carrie and Smith, Ian},
	journal = {Democratization},
	keywords = {postwar > polit parties,region > global},
	pages = {1--21},
	publisher = {{Taylor \& Francis}},
	title = {Political Party Formation by Former Armed Opposition Groups after Civil War},
	year = {2016}}

@incollection{Manz:1988aa,
	address = {{Norman}},
	author = {Manz, Beatriz},
	booktitle = {Harvest of Violence: {{The Maya}} Indians and the {{Guatemalan}} Crisis},
	editor = {Carmack, Robert M},
	pages = {39--69},
	publisher = {{University of Oklahoma Press}},
	title = {The Transformation of {{La Esperanza}}, an {{Ixc\'an Village}}},
	year = {1988}}

@book{Manz:2004aa,
	address = {{Oakland}},
	author = {Manz, Beatriz},
	keywords = {g > anthro,region > Guatemala},
	publisher = {{University of California Press}},
	title = {Paradise in Ashes: {{A Guatemalan}} Journey of Courage, Terror, and Hope},
	year = {2004}}

@book{Mapzen:2018aa,
	author = {{Mapzen}},
	title = {Terrain {{Tiles}}},
	year = {2018}}

@book{Maravall:1978aa,
	address = {{New York}},
	author = {Maravall, Jose M},
	publisher = {{St. Martin's Press}},
	title = {Dictatorship and Political Dissent: {{Workers}} and Students in {{Franco}}'s {{Spain}}},
	year = {1978}}

@book{Maravall:1982aa,
	author = {Maravall, Jose M},
	publisher = {{London: Croom Helm}},
	title = {The Transition to Democracy in {{Spain}}},
	year = {1982}}

@incollection{Marco:2016aa,
	address = {{London and New York}},
	author = {Marco, Jorge},
	booktitle = {Interrogating {{Francoism}}: {{History}} and Dictatorship in Twentieth-Century {{Spain}}},
	editor = {Graham, Helen},
	pages = {159--178},
	publisher = {{Bloombury}},
	title = {States of War: `{{Being}} Civilian' in 1940s {{Spain}}},
	year = {2016}}

@article{Marshall:2016aa,
	author = {Marshall, Michael Christopher and Ishiyama, John},
	journal = {Democratization},
	keywords = {g > recurrence,postwar > polit parties},
	pages = {1--17},
	publisher = {{Taylor \& Francis}},
	title = {Does Political Inclusion of Rebel Parties Promote Peace after Civil Conflict?},
	year = {2016}}

@article{MartiiPuig:2008aa,
	author = {{Mart{\'\i} i Puig}, Salvador},
	journal = {Revista Mexicana de Sociolog\'ia},
	keywords = {g > ethnic mobilization,region > Latin America},
	number = {4},
	pages = {675--724},
	title = {Las Razones de Presencia y \'Exito de Los Partidos \'Etnicos En {{Am\'erica Latina}}: {{Los}} Casos de {{Bolivia}}, {{Ecuador}}, {{Guatemala}}, {{M\'exico}}, {{Nicaragua}} y {{Per\'u}} (1990-2005)},
	volume = {70},
	year = {2008}}

@article{Martin:2014aa,
	author = {Martin, Susanne},
	journal = {Behavioral Sciences of Terrorism and Political Aggression},
	keywords = {postwar > polit parties},
	number = {2},
	pages = {81--101},
	publisher = {{Taylor \& Francis}},
	title = {Dilemmas of ``Going Legit'': Why Should Violent Groups Engage in or Avoid Electoral Politics?},
	volume = {6},
	year = {2014}}

@book{MartinBastos:2014aa,
	author = {Mart{\'\i}n Bastos, Javier},
	title = {P\'erdidas de Vidas Humanas a Consecuencia de Las Pr\'acticas Represivas Franquistas En La Provincia de {{Badajoz}} (1936-1950)},
	year = {2014}}

@article{Mason:1989aa,
	author = {Mason, T David and Krane, D A},
	journal = {International Studies Quarterly},
	pages = {175--198},
	title = {The Political Economy of Death Squads: {{Toward}} a Theory of the Impact of State-Sactioned Terror},
	volume = {33},
	year = {1989}}

@article{Mason:2011aa,
	author = {Mason, TD and Gurses, Mehmet and Brandt, Patrick T and Quinn, Jason M},
	journal = {International Studies Perspectives},
	number = {2},
	pages = {171--189},
	publisher = {{Wiley Online Library}},
	title = {When Civil Wars Recur: {{Conditions}} for Durable Peace after Civil Wars},
	volume = {12},
	year = {2011}}

@article{Massey:2003aa,
	author = {Massey, Garth and Hodson, Randy and Sekuli{\'c}, Du{\v s}ko},
	journal = {Nations and Nationalism},
	number = {1},
	pages = {55--82},
	publisher = {{Wiley Online Library}},
	title = {Nationalism, Liberalism and Liberal Nationalism in Post-War {{Croatia}}},
	volume = {9},
	year = {2003}}

@article{Matanock:2018aa,
	author = {Matanock, Aila M and {Garc{\'\i}a-S{\'a}nchez}, Miguel},
	journal = {The Journal of Politics},
	number = {3},
	pages = {800--814},
	publisher = {{University of Chicago Press Chicago, IL}},
	title = {Does Counterinsurgent Success Match Social Support? {{Evidence}} from a Survey Experiment in {{Colombia}}},
	volume = {80},
	year = {2018}}

@incollection{McAllister:2013aa,
	address = {{Durham}},
	author = {McAllister, Carlota and Nelson, Diane M},
	booktitle = {War by {{Other Means}}: {{Aftermath}} in {{Post}}-{{Genocide Guatemala}}},
	editor = {McAllister, Carlota and Nelson, Diane M},
	pages = {1--46},
	publisher = {{Duke University Press}},
	title = {Introduction. {{Aftermath}}: {{Harvests}} of {{Violence}} and {{Histories}} of the {{Future}}},
	year = {2013}}

@article{McLauchlin:2012aa,
	author = {McLauchlin, Theodore and Pearlman, Wendy},
	journal = {Journal of Conflict Resolution},
	keywords = {g > civil war,g > fragmentation,region > MENA,unit > quali case study},
	number = {1},
	pages = {41--66},
	publisher = {{SAGE Publications}},
	title = {Out-Group Conflict, in-Group Unity? {{Exploring}} the Effect of Repression on Intramovement Cooperation},
	volume = {56},
	year = {2012}}

@article{Metternich:2013aa,
	author = {Metternich, Nils W and Dorff, Cassy and Gallop, Max and Weschle, Simon and Ward, Michael D},
	journal = {American Journal of Political Science},
	keywords = {g > civil war},
	number = {4},
	pages = {892--911},
	publisher = {{Wiley Online Library}},
	title = {Antigovernment Networks in Civil Conflicts: {{How}} Network Structures Affect Conflictual Behavior},
	volume = {57},
	year = {2013}}

@book{MinisteriodelInterior:2013aa,
	author = {{Ministerio del Interior}},
	title = {Resultados Electorales},
	year = {2013}}

@article{Mironova:2016aa,
	author = {Mironova, Vera and Whitt, Sam},
	journal = {Journal of Peace Research},
	keywords = {postwar > attit/behavior,unit > individual},
	number = {Online first},
	title = {The Evolution of Prosociality and Parochialism after Violence},
	year = {2016}}

@book{Mohan:2014aa,
	author = {Mohan, Rohini},
	publisher = {{Verso Books}},
	title = {The Seasons of Trouble: {{Life}} amid the Ruins of {{Sri Lanka}}'s Civil War},
	year = {2014}}

@article{Molina:2014aa,
	author = {Molina, Fernando},
	journal = {Journal of Contemporary History},
	number = {2},
	pages = {296--319},
	publisher = {{SAGE Publications Sage UK: London, England}},
	title = {Lies of {{Our Fathers}}: {{Memory}} and {{Politics}} in the {{Basque Country Under}} the {{Franco Dictatorship}}, 1936\textendash 68},
	volume = {49},
	year = {2014}}

@book{Moore:1966aa,
	address = {{Boston}},
	author = {Moore, Barrington},
	keywords = {g > soc/psycho},
	publisher = {{Beacon Press}},
	title = {Social Origins of Democracy and Dictatorship},
	year = {1966}}

@article{Mutz:2002aa,
	author = {Mutz, Diana C},
	journal = {American Journal of Political Science},
	number = {4},
	pages = {838--855},
	publisher = {{JSTOR}},
	title = {The Consequences of Cross-Cutting Networks for Political Participation},
	volume = {46},
	year = {2002}}

@book{Nelson:1986aa,
	author = {Nelson, Diane M},
	title = {Development {{Poles}}: {{Field Work Report}}.},
	year = {1986}}

@article{Nelson:2008aa,
	author = {Nelson, Andrew},
	journal = {Global Environment Monitoring Unit-Joint Research Centre of the European Commission, Ispra Italy. Available at http://bioval. jrc. ec. europa. eu/products/gam/(accessed 10.01. 2012)},
	keywords = {= Data},
	title = {Estimated Travel Time to the Nearest City of 50,000 or More People in Year 2000},
	year = {2008}}

@book{Nelson:2009aa,
	address = {{Durham}},
	author = {Nelson, Diane M},
	publisher = {{Duke University Press}},
	title = {Reckoning: {{The Ends}} of {{War}} in {{Guatemala}}},
	year = {2009}}

@book{NicolasMarin:1999aa,
	address = {{Murcia}},
	author = {Nicol{\'a}s Mar{\'\i}n, Encarna and Alted Vigil, Alicia},
	publisher = {{Diego Mar\'in}},
	title = {Disidencias En El Franquismo (1939-1975)},
	year = {1999}}

@article{Nilsson:2008aa,
	author = {Nilsson, Desir{\'e}e},
	journal = {Journal of Peace Research},
	number = {4},
	pages = {479--495},
	publisher = {{Sage Publications}},
	title = {Partial Peace: {{Rebel}} Groups inside and Outside of Civil War Settlements},
	volume = {45},
	year = {2008}}

@article{Nilsson:2011aa,
	author = {Nilsson, Desir{\'e}e and S{\"o}derberg Kovacs, Mimmi},
	journal = {International Studies Review},
	keywords = {g > recurrence},
	number = {4},
	pages = {606--626},
	publisher = {{Wiley Online Library}},
	title = {Revisiting an {{Elusive Concept}}: {{A Review}} of the {{Debate}} on {{Spoilers}} in {{Peace Processes1}}},
	volume = {13},
	year = {2011}}

@article{Nilsson:2012aa,
	author = {Nilsson, Desir{\'e}e},
	journal = {International Interactions},
	keywords = {g > peacebuilding,g > recurrence,region > global},
	number = {2},
	pages = {243--266},
	publisher = {{Taylor \& Francis}},
	title = {Anchoring the Peace: {{Civil}} Society Actors in Peace Accords and Durable Peace},
	volume = {38},
	year = {2012}}

@article{Nordhaus:2006aa,
	author = {Nordhaus, William and Azam, Quazi and Corderi, David and Hood, Kyle and Victor, N Makarova and Mohammed, Mukhtar and Miltner, Alexandra and Weiss, Jyldyz},
	journal = {Yale University, New Haven},
	keywords = {= Data},
	title = {The {{G}}-{{Econ}} Database on Gridded Output: Methods and Data},
	year = {2006}}

@incollection{Nordstrom:1992aa,
	address = {{Berkeley and Los Angeles}},
	author = {Nordstrom, Carolyn and Martin, JoAnn},
	booktitle = {The Paths to Domination, Resistance, and Terror},
	editor = {Nordstrom, Carolyn and Martin, JoAnn},
	pages = {3--17},
	publisher = {{University of California Press}},
	title = {The Culture of Conflict: {{Field}} Reality and Theory},
	year = {1992}}

@book{NunezDiaz-Balart:2004aa,
	address = {{Madrid}},
	author = {{N{\'u}{\~n}ez D{\'\i}az-Balart}, Mirta},
	publisher = {{La Esfera de los Libros}},
	title = {Los A\~nos Del Terror: {{La}} Estrategia de Dominio y Represi\'on Del General {{Franco}}},
	year = {2004}}

@article{Nunn:2011aa,
	author = {Nunn, Nathan and Wantchekon, Leonard},
	journal = {The American Economic Review},
	number = {7},
	pages = {3221--3252},
	publisher = {{American Economic Association}},
	title = {The Slave Trade and the Origins of Mistrust in {{Africa}}},
	volume = {101},
	year = {2011}}

@article{Nussio:2014aa,
	author = {Nussio, Enzo and Howe, Kimberly},
	journal = {Terrorism and Political Violence},
	keywords = {postwar > violence,region > Latin America,unit > organisations,unit > quali case study},
	pages = {1--20},
	publisher = {{Taylor \& Francis}},
	title = {When {{Protection Collapses}}: {{Post}}-{{Demobilization Trajectories}} of {{Violence}}},
	year = {2014}}

@article{Nussio:2017aa,
	author = {Nussio, Enzo},
	journal = {PS: Political Science \& Politics},
	number = {4},
	pages = {928--931},
	publisher = {{Cambridge University Press}},
	title = {How {{Ideology Channels Indeterminate Emotions}} into {{Armed Mobilization}}},
	volume = {50},
	year = {2017}}

@book{OrtizHeras:2015aa,
	author = {Ortiz Heras, Manuel (dir.)},
	title = {Represi\'on de Guerra y Postguerra En {{Castilla}}-{{La Mancha}}},
	year = {2015}}

@book{Osorio:2016aa,
	author = {Osorio, Javier and Schubiger, Livia Isabella and Weintraub, Michael},
	keywords = {g > collective action,postwar > institutions,region > Latin America,unit > subnational},
	title = {Vigilante Mobilization and Local Order: {{Evidence}} from {{Mexico}}},
	year = {2016}}

@article{Ottmann:2015aa,
	author = {Ottmann, Martin},
	journal = {Conflict Management and Peace Science},
	keywords = {g > civil war,g > OSV},
	pages = {0738894215570428},
	publisher = {{SAGE Publications}},
	title = {Rebel Constituencies and Rebel Violence against Civilians in Civil Conflicts},
	year = {2015}}

@article{PadroiMiquel:2012aa,
	author = {{Padr{\'o} i Miquel}, Gerard and Yared, Pierre},
	journal = {The Quarterly Journal of Economics},
	number = {2},
	pages = {947--1015},
	publisher = {{MIT Press}},
	title = {The Political Economy of Indirect Control},
	volume = {127},
	year = {2012}}

@article{Pallister:2013aa,
	author = {Pallister, Kevin},
	journal = {Latin American Politics and Society},
	keywords = {g > ethnic mobilization,region > Latin America},
	number = {3},
	pages = {117--138},
	publisher = {{Wiley Online Library}},
	title = {Why No Mayan Party? {{Indigenous}} Movements and National Politics in {{Guatemala}}},
	volume = {55},
	year = {2013}}

@incollection{Palomares:2004aa,
	address = {{Valladolid}},
	author = {Palomares, Jes{\'u}s Mar{\'\i}a},
	booktitle = {La Memoria de Los Olvidados: {{Un}} Debate Sobre El Silencio de La Represi\'on Franquista},
	editor = {Silva, Emilio and Esteban, Asunci{\'o}n and Cast{\'a}n, Javier and Salvador, Pancho},
	pages = {37--43},
	publisher = {{\'Ambito}},
	title = {La Depuraci\'on de La Historia},
	year = {2004}}

@incollection{Palomares:2007aa,
	address = {{New York}},
	author = {Palomares, Cristina},
	booktitle = {Spain Transformed: {{The}} Late {{Franco}} Dictatorship, 1959-1975},
	editor = {Townson, Nigel},
	pages = {118--139},
	publisher = {{Palgrave Macmillan}},
	title = {New Political Mentalities in the Tardofranquismo},
	year = {2007}}

@book{Payeras:1981aa,
	address = {{La Habana}},
	author = {Payeras, Mario},
	publisher = {{Casa de las Am\'ericas}},
	title = {Los D\'ias de La Selva},
	year = {1981}}

@book{Payne:2012aa,
	address = {{New York}},
	author = {Payne, Stanley G},
	publisher = {{Cambridge University Press}},
	title = {The {{Spanish}} Civil War},
	year = {2012}}

@book{Pearce:2015aa,
	address = {{New York}},
	author = {Pearce, Justin},
	publisher = {{Cambridge University Press}},
	title = {Political {{Identity}} and {{Conflict}} in {{Central Angola}}, 1975-2002},
	year = {2015}}

@article{Pearlman:2009aa,
	author = {Pearlman, Wendy},
	journal = {International Security},
	number = {3},
	pages = {79--109},
	publisher = {{MIT Press}},
	title = {Spoiling inside and out: {{Internal}} Political Contestation and the {{Middle East}} Peace Process},
	volume = {33},
	year = {2009}}

@article{Pearson:2006aa,
	author = {Pearson, Frederic S and Olson Lounsbery, Marie and Walker, Scott and Mann, Sonja},
	journal = {International Interactions},
	number = {2},
	pages = {109--128},
	publisher = {{Taylor \& Francis}},
	title = {Rethinking Models of Civil War Settlement},
	volume = {32},
	year = {2006}}

@article{Pechenkina:2019aa,
	author = {Pechenkina, Anna O and Bausch, Andrew W and Skinner, Kiron K},
	journal = {Journal of Peace Research},
	number = {4},
	pages = {545--558},
	publisher = {{SAGE Publications Sage UK: London, England}},
	title = {How Do Civilians Attribute Blame for State Indiscriminate Violence?},
	volume = {56},
	year = {2019}}

@article{Pedersen:2002aa,
	author = {Pedersen, Duncan},
	journal = {Social science \& medicine},
	number = {2},
	pages = {175--190},
	publisher = {{Elsevier}},
	title = {Political Violence, Ethnic Conflict, and Contemporary Wars: Broad Implications for Health and Social Well-Being},
	volume = {55},
	year = {2002}}

@book{Perera:1995aa,
	address = {{Oakland}},
	author = {Perera, Victor},
	publisher = {{University of California Press}},
	title = {Unfinished Conquest: {{The Guatemalan}} Tragedy},
	year = {1995}}

@book{Petersen:2002aa,
	address = {{New York}},
	author = {Petersen, Roger D},
	keywords = {g > civil war,g > ethnic mobilization,region > East Europe},
	publisher = {{Cambridge University Press}},
	title = {Understanding Ethnic Violence: {{Fear}}, Hatred, and Resentment in Twentieth-Century {{Eastern Europe}}},
	year = {2002}}

@book{Pettigrew:2013aa,
	author = {Pettigrew, Judith},
	publisher = {{University of Pennsylvania Press}},
	title = {Maoists at the {{Hearth}}: {{Everyday}} Life in {{Nepal}}'s Civil War},
	year = {2013}}

@article{Pierskalla:2013aa,
	author = {Pierskalla, Jan H and Hollenbach, Florian M},
	journal = {American Political Science Review},
	number = {2},
	pages = {207--224},
	publisher = {{Cambridge University Press}},
	title = {Technology and Collective Action: {{The}} Effect of Cell Phone Coverage on Political Violence in {{Africa}}},
	volume = {107},
	year = {2013}}

@book{Pinker:2011aa,
	address = {{New York}},
	author = {Pinker, Steven},
	publisher = {{Viking}},
	title = {The {{Better Angels}} of Our {{Nature}}: {{Why Violence}} Has {{Declined}}},
	year = {2011}}

@book{Porter:1994aa,
	author = {Porter, Bruce D},
	publisher = {{Free Press}},
	title = {War and the Rise of the State: {{The}} Military Foundations of Modern Politics},
	year = {1994}}

@article{Posner:2004aa,
	author = {Posner, Daniel N},
	journal = {American Political Science Review},
	keywords = {g > identity,region > SS Africa},
	number = {04},
	pages = {529--545},
	publisher = {{Cambridge Univ Press}},
	title = {The Political Salience of Cultural Difference: {{Why Chewas}} and {{Tumbukas}} Are Allies in {{Zambia}} and Adversaries in {{Malawi}}},
	volume = {98},
	year = {2004}}

@book{Preston:2007aa,
	address = {{New York}},
	author = {Preston, Paul},
	publisher = {{WW Norton \& Company}},
	title = {The {{Spanish}} Civil War: {{Reaction}}, Revolution, and Revenge},
	year = {2007}}

@article{Quinn:2007aa,
	author = {Quinn, J Michael and Mason, T David and Gurses, Mehmet},
	journal = {International Interactions},
	number = {2},
	pages = {167--193},
	publisher = {{Taylor \& Francis}},
	title = {Sustaining the Peace: {{Determinants}} of Civil War Recurrence},
	volume = {33},
	year = {2007}}

@article{Raleigh:2010aa,
	author = {Raleigh, Clionadh and Linke, Andrew and Hegre, H{\textbackslash}aavard and Karlsen, Joakim},
	journal = {Journal of Peace Research},
	keywords = {Data},
	number = {5},
	pages = {651--660},
	title = {Introducing {{ACLED}}: {{An Armed Conflict Location}} and {{Event Dataset}}},
	volume = {47},
	year = {2010}}

@article{Rasler:1996aa,
	author = {Rasler, Karen},
	journal = {American Sociological Review},
	pages = {132--152},
	publisher = {{JSTOR}},
	title = {Concessions, Repression, and Political Protest in the {{Iranian}} Revolution},
	year = {1996}}

@book{RedondoAbal:2006aa,
	address = {{Sada}},
	author = {Redondo Abal, Francisco Xavier},
	publisher = {{Edici\'os do Castro}},
	title = {Botarse Ao Monte: {{Censo}} de Guerrilleiros Antifranquistas En {{Galiza}}},
	year = {2006}}

@book{ReigCruanes:2007aa,
	address = {{Valencia}},
	author = {Reig Crua{\~n}es, Jos{\'e}},
	publisher = {{Publicacions de la Universitat de Val\`encia}},
	title = {Identificaci\'on y Alienaci\'on: {{La}} Cultura Pol\'itica y El Tardofranquismo},
	year = {2007}}

@book{ReigTapia:1990aa,
	address = {{Madrid}},
	author = {Reig Tapia, Alberto},
	publisher = {{Akal}},
	title = {Violencia y Terror: {{Estudio}} Sobre La {{Guerra Civil Espa\~nola}}},
	year = {1990}}

@book{Remijnse:2002aa,
	address = {{Amsterdam}},
	author = {Remijnse, Simone},
	publisher = {{Rozenberg Publishers}},
	title = {Memories of Violence: {{Civil}} Patrols and the Legacy of Conflict in {{Joyabaj}}, {{Guatemala}}},
	year = {2002}}

@book{Reno:1998aa,
	address = {{Boulder}},
	author = {Reno, William},
	keywords = {g > state-building},
	publisher = {{Lynne Rienner}},
	title = {Warlord Politics and {{African}} States},
	year = {1998}}

@book{Reno:2011aa,
	address = {{New York}},
	author = {Reno, William},
	publisher = {{Cambridge University Press}},
	title = {Warfare in Independent {{Africa}}},
	year = {2011}}

@article{RequenaGallego:1982aa,
	author = {Requena Gallego, Miguel},
	journal = {Al-Basit: Revista de Estudios Albacetenses},
	pages = {27--72},
	title = {Las Elecciones Del {{Frente Popular}} En {{Albacete}}},
	volume = {11},
	year = {1982}}

@book{Richards:1996aa,
	address = {{Oxford}},
	author = {Richards, Paul},
	publisher = {{James Currey}},
	title = {Fighting for the Rain Forest: {{War}}, Youth and Resources in {{Sierra Leone}}},
	year = {1996}}

@book{Richards:1998aa,
	author = {Richards, Michael},
	publisher = {{Cambridge University Press}},
	title = {A Time of Silence: Civil War and the Culture of Repression in {{Franco}}'s {{Spain}}, 1936-1945},
	volume = {4},
	year = {1998}}

@article{Richards:2011aa,
	author = {Richards, Paul},
	journal = {World development},
	number = {2},
	pages = {212--220},
	publisher = {{Elsevier}},
	title = {A Systematic Approach to Cultural Explanations of War: {{Tracing}} Causal Processes in Two {{West African}} Insurgencies},
	volume = {39},
	year = {2011}}

@book{Richards:2013aa,
	address = {{New York}},
	author = {Richards, Michael},
	publisher = {{Cambridge University Press}},
	title = {After the Civil War: {{Making}} Memory and Re-Making {{Spain}} since 1936},
	year = {2013}}

@incollection{Richards:2016aa,
	address = {{London and New York}},
	author = {Richards, Michael},
	booktitle = {Interrogating {{Francoism}}: {{History}} and Dictatorship in Twentieth-Century {{Spain}}},
	editor = {Graham, Helen},
	pages = {181--201},
	publisher = {{Bloombury}},
	title = {Stories for after a War: {{Social}} Memory and the Making of Urban and Industrial Transition in 1960s {{Spain}}},
	year = {2016}}

@article{Rink:2018aa,
	author = {Rink, Anselm and Sharma, Kunaal},
	journal = {Journal of Conflict Resolution},
	number = {6},
	pages = {1229--1261},
	publisher = {{SAGE Publications Sage CA: Los Angeles, CA}},
	title = {The Determinants of Religious Radicalization: {{Evidence}} from {{Kenya}}},
	volume = {62},
	year = {2018}}

@book{Rizkallah:2016aa,
	author = {Rizkallah, Amanda},
	title = {The Electoral Legacies of War},
	year = {2016}}

@incollection{Robben:1995aa,
	address = {{Berkeley and Los Angeles}},
	author = {Robben, Antonius C G M},
	booktitle = {Fieldwork under Fire: {{Contemporary}} Studies of Violence and Survival},
	editor = {Green, Linda and Robben, Antonius C G M},
	pages = {85--105},
	publisher = {{University of California Press Berkeley}},
	title = {Politics of Truth and Emotion among Victims and Perpetrators of Violence},
	year = {1995}}

@book{RodriguezBarreira:2008aa,
	address = {{Almer\'ia}},
	author = {Rodr{\'\i}guez Barreira, {\'O}scar},
	publisher = {{Editorial Universidad de Almer\'ia}},
	title = {Migas Con Miedo: {{Pr\'acticas}} de Resistencia al Primer Franquismo. {{Almer\'ia}}, 1939-1953},
	year = {2008}}

@article{Roesch:1992aa,
	author = {Roesch, Otto},
	journal = {Canadian Journal of African Studies/La Revue canadienne des \'etudes africaines},
	number = {3},
	pages = {462--484},
	publisher = {{Taylor \& Francis}},
	title = {Renamo and the Peasantry in Southern {{Mozambique}}: A View from {{Gaza Province}}},
	volume = {26},
	year = {1992}}

@book{RomeroNavas:2004aa,
	address = {{M\'alaga}},
	author = {Romero Navas, Jos{\'e} Aurelio},
	publisher = {{CEDMA}},
	title = {Censo de Guerrilleros y Colaboradores de La {{Agrupaci\'on Guerrillera}} de {{M\'alaga}}-{{Granada}}},
	year = {2004}}

@article{Rosendorff:2004aa,
	author = {Rosendorff, B Peter and Sandler, Todd},
	journal = {Journal of Conflict Resolution},
	number = {5},
	pages = {657--671},
	publisher = {{Sage Publications Sage CA: Thousand Oaks, CA}},
	title = {Too Much of a Good Thing? {{The}} Proactive Response Dilemma},
	volume = {48},
	year = {2004}}

@article{Ross:2000aa,
	author = {Ross, Catherine E and Jang, Sung Joon},
	journal = {American journal of community psychology},
	number = {4},
	pages = {401--420},
	publisher = {{Springer}},
	title = {Neighborhood Disorder, Fear, and Mistrust: {{The}} Buffering Role of Social Ties with Neighbors},
	volume = {28},
	year = {2000}}

@article{Ross:2015aa,
	author = {Ross, Cody T},
	journal = {PloS one},
	number = {11},
	pages = {e0141854},
	publisher = {{Public Library of Science}},
	title = {A Multi-Level {{Bayesian}} Analysis of Racial Bias in Police Shootings at the County-Level in the {{United States}}, 2011\textendash 2014},
	volume = {10},
	year = {2015}}

@article{Rothchild:1995aa,
	author = {Rothchild, Donald and Groth, Alexander J},
	journal = {Political Science Quarterly},
	number = {1},
	pages = {69--82},
	publisher = {{JSTOR}},
	title = {Pathological Dimensions of Domestic and International Ethnicity},
	volume = {110},
	year = {1995}}

@article{Rozenas:2017aa,
	author = {Rozenas, Arturas and Schutte, Sebastian and Zhukov, Yuri},
	journal = {The Journal of Politics},
	number = {4},
	pages = {1147--1161},
	publisher = {{University of Chicago Press Chicago, IL}},
	title = {The Political Legacy of Violence: {{The}} Long-Term Impact of {{Stalin}}'s Repression in {{Ukraine}}},
	volume = {79},
	year = {2017}}

@article{Rudloff:2016aa,
	author = {Rudloff, Peter and Findley, Michael G},
	journal = {Journal of Peace Research},
	keywords = {g > recurrence,region > global},
	number = {1},
	pages = {19--32},
	title = {The Downstream Effects of Combatant Fragmentation on Civil War Recurrence},
	volume = {53},
	year = {2016}}

@book{Rutkow:2019aa,
	address = {{New York}},
	author = {Rutkow, Eric},
	publisher = {{Scribner}},
	title = {The Longest Line on the Map: {{The United States}}, the {{Pan}}-{{American Highway}}, and the Quest to Link the {{Americas}}},
	year = {2019}}

@article{Rydgren:2007aa,
	author = {Rydgren, Jens},
	journal = {Sociological Theory},
	number = {3},
	pages = {225--244},
	publisher = {{SAGE Publications Sage CA: Los Angeles, CA}},
	title = {The Power of the Past: {{A}} Contribution to a Cognitive Sociology of Ethnic Conflict},
	volume = {25},
	year = {2007}}

@book{SADEI:1996aa,
	address = {{Oviedo}},
	author = {{SADEI}},
	publisher = {{SADEI}},
	title = {Atlas Electoral de {{Asturias}}, 1936-1996},
	year = {1996}}

@book{SaenzdeTejada:2004aa,
	address = {{Guatemala City}},
	author = {{S{\'a}enz de Tejada}, Ricardo},
	publisher = {{FLACSO}},
	title = {\textquestiondown{{V\'ictimas}} o Vencedores? {{Una}} Aproximaci\'on al Movimiento de Los Ex {{PAC}}},
	year = {2004}}

@article{Salehyan:2012aa,
	author = {Salehyan, Idean and Hendrix, Cullen S and Hamner, Jesse and Case, Christina and Linebarger, Christopher and Stull, Emily and Williams, Jennifer},
	journal = {International Interactions},
	number = {4},
	pages = {503--511},
	publisher = {{Taylor \& Francis}},
	title = {Social Conflict in {{Africa}}: {{A}} New Database},
	volume = {38},
	year = {2012}}

@article{Sambanis:2009aa,
	author = {Sambanis, Nicholas and {Schulhofer-Wohl}, Jonah},
	journal = {International Security},
	keywords = {g > civil war,g > recurrence},
	number = {2},
	pages = {82--118},
	publisher = {{MIT Press}},
	title = {What's in a Line? {{Is}} Partition a Solution to Civil War?},
	volume = {34},
	year = {2009}}

@article{Sambanis:2015aa,
	author = {Sambanis, Nicholas and Skaperdas, Stergios and Wohlforth, William C},
	journal = {American Political Science Review},
	keywords = {g > state-building},
	number = {02},
	pages = {279--296},
	publisher = {{Cambridge Univ Press}},
	title = {Nation-Building through War},
	volume = {109},
	year = {2015}}

@article{SanchezdelaSierra:2014aa,
	author = {{S{\'a}nchez de la Sierra}, Raul},
	keywords = {g > state-building},
	title = {On the Origins of States: {{Stationary}} Bandits and Taxation in {{Eastern Congo}}},
	year = {2014}}

@article{SanchezdelaSierra:2015aa,
	author = {{S{\'a}nchez de la Sierra}, Raul},
	keywords = {g > state-building},
	title = {Dis-Organizing Violence: {{On}} the Ends of the State, Stationary Bandits and the Time Horizon},
	year = {2015}}

@article{Sanford:2001aa,
	author = {Sanford, Victoria},
	journal = {Cultural Critique},
	pages = {16--53},
	title = {From {{I}}, {{Rigoberta}} to the {{Commissioning}} of {{Truth}}: {{Maya Women}} and the {{Reshaping}} of {{Guatemalan History}}},
	volume = {47},
	year = {2001}}

@article{Sanin:2014aa,
	author = {San{\'\i}n, Francisco Guti{\'e}rrez and Wood, Elisabeth Jean},
	journal = {Journal of Peace Research},
	number = {2},
	pages = {213--226},
	publisher = {{Sage Publications Sage UK: London, England}},
	title = {Ideology in Civil War: {{Instrumental}} Adoption and Beyond},
	volume = {51},
	year = {2014}}

@book{Schaub:2014aa,
	author = {Schaub, Max},
	keywords = {g > collective action,postwar > attit/behavior},
	title = {Solidarity with a Sharp Edge: {{Communal}} Conflict and Local Collective Action in Rural {{Nigeria}}},
	year = {2014}}

@book{Schubiger:2013aa,
	author = {Schubiger, Livia I.},
	keywords = {g > collective action,g > militias,g > OSV},
	title = {Repression and Mobilization in Civil War: {{The}} Consequences of State Violence for Wartime Collective Action},
	year = {2013}}

@article{Schubiger:2017aa,
	author = {Schubiger, Livia Isabella and Zelina, Matthew},
	journal = {PS: Political Science \& Politics},
	number = {4},
	pages = {948--952},
	publisher = {{Cambridge University Press}},
	title = {Ideology in Armed Groups},
	volume = {50},
	year = {2017}}

@article{Schutte:2011aa,
	author = {Schutte, Sebastian and Weidmann, Nils B},
	journal = {Political Geography},
	keywords = {g > civil war},
	number = {3},
	pages = {143--152},
	publisher = {{Elsevier}},
	title = {Diffusion Patterns of Violence in Civil Wars},
	volume = {30},
	year = {2011}}

@article{Schutte:2014aa,
	author = {Schutte, Sebastian and Donnay, Karsten},
	journal = {Political Geography},
	keywords = {= Methods},
	pages = {1--10},
	publisher = {{Elsevier}},
	title = {Matched Wake Analysis: Finding Causal Relationships in Spatiotemporal Event Data},
	volume = {41},
	year = {2014}}

@article{Schutte:2015aa,
	author = {Schutte, Sebastian},
	journal = {Conflict Management and Peace Science},
	keywords = {g > civil war,g > OSV},
	pages = {0738894215593690},
	publisher = {{SAGE Publications}},
	title = {Geographic Determinants of Indiscriminate Violence in Civil Wars},
	year = {2015}}

@book{Scokpol:1979aa,
	address = {{New York}},
	author = {Scokpol, Theda},
	keywords = {g > soc/psycho},
	publisher = {{Cambridge University Press}},
	title = {States and Social Revolutions},
	year = {1979}}

@book{Scott:1976aa,
	address = {{New Haven}},
	author = {Scott, James C},
	keywords = {g > soc/psycho},
	publisher = {{Yale University Press}},
	title = {The Moral Economy of the Peasant: {{Subsistence}} and Rebellion in {{Southeast Asia}}},
	year = {1976}}

@article{Scott:1977aa,
	author = {Scott, James C},
	journal = {Theory and Society},
	number = {2},
	pages = {211--246},
	publisher = {{Springer}},
	title = {Protest and Profanation: {{Agrarian}} Revolt and the Little Tradition, Part {{II}}},
	volume = {4},
	year = {1977}}

@article{Scott:1977ab,
	author = {Scott, James C},
	journal = {Theory and Society},
	number = {1},
	pages = {1--38},
	publisher = {{Springer}},
	title = {Protest and Profanation: {{Agrarian}} Revolt and the Little Tradition, Part {{I}}},
	volume = {4},
	year = {1977}}

@book{Segeplan:2019aa,
	author = {{Segepl\'an}},
	title = {Sistema {{Nacional}} de {{Informaci\'on Territorial}} ({{Segepl\'an}})},
	year = {2019}}

@book{Senalda:2014aa,
	address = {{Oviedo}},
	author = {{Se\~nald\'a}},
	publisher = {{Laria \& Ediciones Universidad de Oviedo}},
	title = {De La Posguerra al Presente: {{Testimonios}} Orales Del Movimiento Obrero},
	year = {2014}}

@book{Seoighe:2017aa,
	address = {{London}},
	author = {Seoighe, Rachel},
	publisher = {{Palgrave Macmillan}},
	title = {War, {{Denial}} and {{Nation}}-{{Building}} in {{Sri Lanka}}},
	year = {2017}}

@book{Serrano:2001aa,
	address = {{Madrid}},
	author = {Serrano, Secundino},
	publisher = {{Temas de Hoy}},
	title = {Maquis: Historia de La Guerrilla Antifranquista},
	year = {2001}}

@article{Sevillano:1999aa,
	author = {Sevillano, Francisco},
	journal = {Ayer},
	pages = {147--166},
	publisher = {{JSTOR}},
	title = {Cultura, Propaganda y Opini\'on En El Primer Franquismo},
	volume = {33},
	year = {1999}}

@book{Sharma:2018aa,
	author = {Sharma, Kunaal},
	title = {Clerical Persuasion and Religious Extremism: {{An}} Experiment among {{Sunni}} and {{Shia}} Muslims in Northern {{India}}},
	year = {2018}}

@article{Shesterinina:2016aa,
	author = {Shesterinina, Anastasia},
	journal = {American Political Science Review},
	number = {3},
	pages = {411--427},
	publisher = {{Cambridge University Press}},
	title = {Collective {{Threat Framing}} and {{Mobilization}} in {{Civil War}}},
	volume = {110},
	year = {2016}}

@article{Silverman:2019aa,
	author = {Silverman, Daniel},
	journal = {Journal of Conflict Resolution},
	number = {6},
	pages = {1460--1487},
	publisher = {{SAGE Publications Sage CA: Los Angeles, CA}},
	title = {What {{Shapes Civilian Beliefs}} about {{Violent Events}}? {{Experimental Evidence}} from {{Pakistan}}},
	volume = {63},
	year = {2019}}

@book{Simmel:1955aa,
	address = {{New York}},
	author = {Simmel, George},
	keywords = {g > soc/psycho},
	publisher = {{The Free Press}},
	title = {Conflict and the Web of Group Affiliations},
	year = {1955}}

@article{Siqueira:2006aa,
	author = {Siqueira, Kevin and Sandler, Todd},
	journal = {Journal of Conflict Resolution},
	number = {6},
	pages = {878--898},
	publisher = {{Sage Publications Sage CA: Thousand Oaks, CA}},
	title = {Terrorists versus the Government: {{Strategic}} Interaction, Support, and Sponsorship},
	volume = {50},
	year = {2006}}

@incollection{Smith:1990aa,
	address = {{Austin}},
	author = {Smith, Carol A},
	booktitle = {Guatemalan {{Indians}} and the {{State}}: 1540 to 1988},
	editor = {Smith, Carol A},
	pages = {259--283},
	publisher = {{University of Texas Press}},
	title = {Conclusion: {{History}} and {{Revolution}} in {{Guatemala}}},
	year = {1990}}

@incollection{Smith:1990ab,
	address = {{Austin}},
	author = {Smith, Carol A},
	booktitle = {Guatemalan {{Indians}} and the {{State}}: 1540 to 1988},
	editor = {Smith, Carol A},
	pages = {205--229},
	publisher = {{University of Texas Press}},
	title = {Class Position and Class Consciousness in an {{Indian}} Community: {{Totonicapan}} in the 1970s},
	year = {1990}}

@article{Sobek:2007aa,
	author = {Sobek, David},
	journal = {Journal of Peace Research},
	number = {1},
	pages = {29--45},
	publisher = {{Sage Publications Sage CA: Thousand Oaks, CA}},
	title = {Rallying around the {{Podesta}}: {{Testing}} Diversionary Theory across Time},
	volume = {44},
	year = {2007}}

@book{SoleiSabate:1989aa,
	address = {{Barcelona}},
	author = {{Sol{\'e} i Sabat{\'e}}, Josep Maria and Villarroya, Joan},
	publisher = {{Publicacions de l'Abadia de Montserrat}},
	title = {La Repressi\'o a La Reraguarda de {{Catalunya}} (1936\textendash 1939)},
	year = {1989}}

@book{SoleiSabate:2000aa,
	address = {{Barcelona}},
	author = {{Sol{\'e} i Sabat{\'e}}, Josep Maria},
	publisher = {{Edicions 62}},
	title = {La Repressi\'o Franquista a {{Catalunya}} (1938\textendash 1953)},
	year = {2000}}

@incollection{Sprague:1981aa,
	address = {{Beverly Hills}},
	author = {Sprague, John},
	booktitle = {Strategies of Political Inquiry},
	editor = {Ostrom, Elinor},
	pages = {99--121},
	publisher = {{Sage}},
	title = {Is There a Micro Theory Consistent with Contextual Analysis?},
	year = {1981}}

@article{Stange:2010aa,
	author = {Stange, Gunnar and Patock, Roman},
	journal = {Journal of Current Southeast Asian Affairs},
	keywords = {postwar > polit parties,region > Asia,unit > quali case study},
	number = {1},
	pages = {95--120},
	title = {From Rebels to Rulers and Legislators: {{The}} Political Transformation of the {{Free Aceh Movement}} ({{GAM}}) in {{Indonesia}}},
	volume = {29},
	year = {2010}}

@book{Staniland:2014aa,
	address = {{Ithaca}},
	author = {Staniland, Paul},
	publisher = {{Cornell University Press}},
	title = {Networks of Rebellion: {{Explaining}} Insurgent Cohesion and Collapse},
	year = {2014}}

@book{Stearns:2012aa,
	author = {Stearns, Jason},
	title = {From {{CNDP}} to {{M23}}: {{The}} Evolution of an Armed Movement in Eastern {{Congo}}},
	year = {2012}}

@book{Stearns:2013aa,
	author = {Stearns, Jason and Verweijen, Judith and Eriksson Baaz, Maria},
	publisher = {{Rift Valley Institute}},
	title = {The National Army and Armed Groups in the Eastern {{Congo}}: {{Untangling}} the {{Gordian}} Knot of Insecurity},
	year = {2013}}

@article{Stearns:2016aa,
	author = {Stearns, Jason K.},
	keywords = {g > collective action,g > recurrence},
	title = {The Social Rebel: {{Society}}, Interests, and Conflict Duration},
	year = {2016}}

@article{Stedman:1997aa,
	author = {Stedman, Stephen John},
	journal = {International security},
	number = {2},
	pages = {5--53},
	publisher = {{MIT Press}},
	title = {Spoiler Problems in Peace Processes},
	volume = {22},
	year = {1997}}

@article{Steele:2011aa,
	author = {Steele, Abbey},
	journal = {Journal of Conflict Resolution},
	number = {3},
	pages = {423--445},
	publisher = {{Sage Publications Sage CA: Los Angeles, CA}},
	title = {Electing Displacement: Political Cleansing in {{Apartad\'o}}, {{Colombia}}},
	volume = {55},
	year = {2011}}

@book{Steele:2017aa,
	address = {{Ithaca}},
	author = {Steele, Abbey},
	publisher = {{Cornell University Press}},
	title = {Democracy and {{Displacement}} in {{Colombia}}'s {{Civil War}}},
	year = {2017}}

@article{Steenkamp:2011aa,
	author = {Steenkamp, Christina},
	journal = {Conflict, Security \& Development},
	keywords = {postwar > violence},
	number = {3},
	pages = {357--383},
	publisher = {{Taylor \& Francis}},
	title = {In the Shadows of War and Peace: Making Sense of Violence after Peace Accords},
	volume = {11},
	year = {2011}}

@article{Stein:1976aa,
	author = {Stein, Arthur A},
	journal = {Journal of conflict resolution},
	number = {1},
	pages = {143--172},
	publisher = {{Sage Publications Sage CA: Los Angeles, CA}},
	title = {Conflict and Cohesion: {{A}} Review of the Literature},
	volume = {20},
	year = {1976}}

@article{Steinert:2014aa,
	author = {Steinert, Janina Isabel and Grimm, Sonja},
	journal = {Conflict Management and Peace Science},
	keywords = {g > peacebuilding},
	number = {5},
	pages = {513--535},
	publisher = {{SAGE Publications}},
	title = {Too Good to Be True? {{United Nations}} Peacebuilding and the Democratization of War-Torn States},
	volume = {32},
	year = {2014}}

@incollection{Stepputat:2001aa,
	address = {{Durham}},
	author = {Stepputat, Finn},
	booktitle = {States of {{Imagination}}: {{Ethnographic}} Explorations of the Postcolonial State},
	editor = {Hansen, Thomas Blom and Stepputat, Finn},
	keywords = {g > anthro},
	publisher = {{Duke University Press}},
	title = {Urbanizing the Countryside: {{Armed}} Conflict, State Formation, and the Politics of Place in Contemporary {{Guatemala}}},
	year = {2001}}

@book{Stoll:1993aa,
	address = {{New York}},
	author = {Stoll, David},
	keywords = {region > Guatemala},
	publisher = {{Columbia University Press}},
	title = {Between Two Armies: {{In}} the {{Ixil}} Towns of {{Guatemala}}},
	year = {1993}}

@book{Stoll:1999aa,
	address = {{Boulder}},
	author = {Stoll, David},
	publisher = {{Westview Press}},
	title = {Rigoberta {{Menchu}} and the {{Story}} of {{All Poor Guatemalans}}},
	year = {1999}}

@article{Strabac:2008aa,
	author = {Strabac, Zan and Ringdal, Kristen},
	journal = {The Sociological Quarterly},
	number = {4},
	pages = {769--796},
	publisher = {{Taylor \& Francis}},
	title = {Individual and Contextual Influences of War on Ethnic Prejudice in {{Croatia}}},
	volume = {49},
	year = {2008}}

@article{Straus:2012aa,
	author = {Straus, Scott},
	journal = {African Affairs},
	keywords = {g > civil war,region > SS Africa},
	number = {443},
	pages = {179--201},
	title = {Wars Do End! {{Changing}} Patterns of Political Violence in Sub-{{Saharan Africa}}},
	volume = {111},
	year = {2012}}

@article{Straus:2012ab,
	author = {Straus, Scott},
	journal = {Perspectives on Politics},
	number = {02},
	pages = {343--362},
	publisher = {{Cambridge Univ Press}},
	title = {Retreating from the Brink: {{Theorizing}} Mass Violence and the Dynamics of Restraint},
	volume = {10},
	year = {2012}}

@article{Sullivan:2012aa,
	author = {Sullivan, Christopher Michael},
	journal = {Conflict Management and Peace Science},
	keywords = {g > OSV,region > Latin America,unit > subnational},
	number = {4},
	pages = {373--396},
	publisher = {{Sage Publications}},
	title = {Blood in the Village: {{A}} Local-Level Investigation of State Massacres},
	volume = {29},
	year = {2012}}

@article{Sullivan:2016aa,
	author = {Sullivan, Christopher M},
	journal = {Journal of Conflict Resolution},
	number = {7},
	pages = {1163--1190},
	publisher = {{SAGE Publications Sage CA: Los Angeles, CA}},
	title = {Undermining Resistance: {{Mobilization}}, Repression, and the Enforcement of Political Order},
	volume = {60},
	year = {2016}}

@article{Sullivan:2018aa,
	author = {Sullivan, Christopher M and Davenport, Christian},
	journal = {Journal of Peace Research},
	number = {2},
	pages = {175--189},
	publisher = {{SAGE Publications Sage UK: London, England}},
	title = {Resistance Is Mobile: {{Dynamics}} of Repression, Challenger Adaptation, and Surveillance in {{US}} `{{Red Squad}}'and Black Nationalist Archives},
	volume = {55},
	year = {2018}}

@article{Sundberg:2013aa,
	author = {Sundberg, Ralph and Melander, Erik},
	journal = {Journal of Peace Research},
	keywords = {= Data},
	number = {4},
	pages = {523--532},
	publisher = {{Sage Publications}},
	title = {Introducing the {{UCDP Georeferenced Event Dataset}}},
	volume = {50},
	year = {2013}}

@misc{Taladrid:2019aa,
	author = {Taladrid, Stephania},
	date-modified = {2021-06-07 11:50:33 +0200},
	howpublished = {The New Yorker, October 26, 2019.},
	title = {Franco's {{Body Is Exhumed}}, as {{Spain Struggles}} to {{Confront}} the {{Past}}},
	year = {2019}}

@article{Tao:2016aa,
	author = {Tao, Ran and Strandow, Daniel and Findley, Michael and Thill, Jean-Claude and Walsh, James},
	journal = {Transactions in GIS},
	number = {3},
	pages = {413--425},
	publisher = {{Wiley Online Library}},
	title = {A Hybrid Approach to Modeling Territorial Control in Violent Armed Conflicts},
	volume = {20},
	year = {2016}}

@book{Tarrow:1994aa,
	address = {{New York}},
	author = {Tarrow, Sidney},
	publisher = {{Cambridge University Press}},
	title = {Power in Movement: {{Social}} Movements and Contentious Politics},
	year = {1994}}

@book{Tavits:2013aa,
	address = {{New York}},
	author = {Tavits, Margit},
	publisher = {{Cambridge University Press}},
	title = {Post-Communist Democracies and Party Organization},
	year = {2013}}

@book{Taylor:1988aa,
	address = {{New York}},
	author = {Taylor, Michael},
	keywords = {g > soc/psycho},
	publisher = {{Cambridge University Press}},
	title = {Rationality and Revolutionary Collective Action},
	year = {1988}}

@article{Taylor:2008aa,
	author = {Taylor, Brian D and Botea, Roxana},
	journal = {International Studies Review},
	number = {1},
	pages = {27--56},
	publisher = {{Wiley Online Library}},
	title = {Tilly {{Tally}}: {{War}}-{{Making}} and {{State}}-{{Making}} in the {{Contemporary Third World1}}},
	volume = {10},
	year = {2008}}

@article{Theidon:2006aa,
	author = {Theidon, Kimberly},
	journal = {Journal of Conflict Resolution},
	keywords = {region > Latin America,unit > quali case study},
	number = {3},
	pages = {433--457},
	publisher = {{Sage Publications}},
	title = {Justice in {{Transition The Micropolitics}} of {{Reconciliation}} in {{Postwar Peru}}},
	volume = {50},
	year = {2006}}

@article{Theiler:2018aa,
	author = {Theiler, Tobias},
	journal = {Security Studies},
	number = {2},
	pages = {318--343},
	publisher = {{Taylor \& Francis}},
	title = {The {{Microfoundations}} of {{Diversionary Conflict}}},
	volume = {27},
	year = {2018}}

@article{Themner:2013aa,
	author = {Themn{\'e}r, Anders},
	journal = {Security Studies},
	keywords = {postwar > violence},
	number = {2},
	pages = {295--329},
	publisher = {{Taylor \& Francis}},
	title = {A Leap of Faith: {{When}} and How Ex-Combatants Resort to Violence},
	volume = {22},
	year = {2013}}

@book{Thomas:1977aa,
	address = {{London}},
	author = {Thomas, Hugh},
	publisher = {{Hamish Hamilton}},
	title = {The {{Spanish}} Civil War},
	year = {1977}}

@book{Thompson:1963aa,
	address = {{London}},
	author = {Thompson, Edward Palmer},
	publisher = {{Victor Gollancz}},
	title = {The Making of the {{English}} Working Class},
	year = {1963}}

@article{Tilley:2011aa,
	author = {Tilley, James and Hobolt, Sara B},
	journal = {The Journal of Politics},
	number = {2},
	pages = {316--330},
	publisher = {{Cambridge University Press New York, USA}},
	title = {Is the Government to Blame? {{An}} Experimental Test of How Partisanship Shapes Perceptions of Performance and Responsibility},
	volume = {73},
	year = {2011}}

@book{Tilly:1978aa,
	address = {{New York}},
	author = {Tilly, Charles},
	publisher = {{McGraw-Hill}},
	title = {From Mobilization to Revolution},
	year = {1978}}

@incollection{Tilly:1985aa,
	address = {{Cambridge}},
	author = {Tilly, Charles},
	booktitle = {Bringing the State Back In},
	editor = {Evans, Peter B and Rueschemeyer, Dietrich and Scokpol, Theda},
	keywords = {g > state-building},
	publisher = {{Cambridge University Press}},
	title = {War Making and State Making as Organized Crime},
	year = {1985}}

@book{Tilly:1992aa,
	author = {Tilly, Charles},
	keywords = {g > state-building},
	publisher = {{Wiley-Blackwell}},
	title = {Coercion, Capital, and {{European}} States, {{AD}} 990-1992},
	year = {1992}}

@book{Tilly:1995aa,
	address = {{Cambridge}},
	author = {Tilly, Charles},
	keywords = {g > soc/psycho},
	publisher = {{Harvard University Press}},
	title = {Popular Contention in {{Great Britain}}, 1758-1834},
	year = {1995}}

@book{Tilly:2005aa,
	author = {Tilly, Charles},
	publisher = {{Routledge}},
	title = {Identities, Boundaries and Social Ties},
	year = {2005}}

@book{Tin-BorHui:2005aa,
	author = {{Tin-Bor Hui}, Victoria},
	publisher = {{Cambridge Univ Press}},
	title = {War and State Formation in Ancient {{China}} and Early Modern {{Europe}}},
	year = {2005}}

@article{Tjaden:2012aa,
	author = {Tjaden, Jasper Dag},
	journal = {Studies in Ethnicity and Nationalism},
	number = {1},
	pages = {45--63},
	publisher = {{Wiley Online Library}},
	title = {The ({{Re}}-){{Construction}} of `national Identity' through Selective Memory and Mass Ritual Discourse: {{The Chilean Centenary}}, 1910},
	volume = {12},
	year = {2012}}

@book{Toft:2010aa,
	address = {{Princeton}},
	author = {Toft, Monica Duffy},
	publisher = {{Princeton University Press}},
	title = {Securing the Peace: The Durable Settlement of Civil Wars},
	year = {2010}}

@article{Tollefsen:2012aa,
	author = {Tollefsen, Andreas For{\o} and Strand, H{\textbackslash}aavard and Buhaug, Halvard},
	journal = {Journal of Peace Research},
	keywords = {= Data},
	number = {2},
	pages = {363--374},
	publisher = {{Sage Publications}},
	title = {{{PRIO}}-{{GRID}}: {{A}} Unified Spatial Data Structure},
	volume = {49},
	year = {2012}}

@book{Tone:1994aa,
	address = {{Chapel Hill}},
	author = {Tone, John Lawrence},
	publisher = {{The University of North Carolina Press}},
	title = {The Fatal Knot: {{The}} Guerrilla War in {{Navarre}} and the Defeat of {{Napoleon}} in {{Spain}}},
	year = {1994}}

@book{TSE:2019aa,
	author = {{TSE}},
	title = {Tribunal {{Supremo Electoral}} de {{Guatemala}}. {{Memorias}} Electorales.},
	year = {2019}}

@article{Ugalde:2000aa,
	author = {Ugalde, Antonio and {Selva-Sutter}, Ernesto and Castillo, Carolina and Paz, Carolina and Ca{\~n}as, Sergio},
	journal = {British Medical Journal},
	number = {7254},
	pages = {169},
	publisher = {{BMJ Publishing Group}},
	title = {Conflict and Health: {{The}} Health Costs of War: Can They Be Measured? {{Lessons}} from {{El Salvador}}},
	volume = {321},
	year = {2000}}

@book{UGT:1931aa,
	author = {{UGT}},
	title = {Nuevo {{Censo Electoral Social}}},
	year = {1931}}

@article{Ullman:2007aa,
	author = {Ullman, Sarah E and Townsend, Stephanie M and Filipas, Henrietta H and Starzynski, Laura L},
	journal = {Psychology of Women Quarterly},
	number = {1},
	pages = {23--37},
	publisher = {{SAGE Publications Sage CA: Los Angeles, CA}},
	title = {Structural Models of the Relations of Assault Severity, Social Support, Avoidance Coping, Self-Blame, and {{PTSD}} among Sexual Assault Survivors},
	volume = {31},
	year = {2007}}

@book{UN:2019aa,
	author = {{UN}},
	title = {World {{Population Prospects}} 2019},
	year = {2019}}

@article{Valentino:2004aa,
	author = {Valentino, Benjamin and Huth, Paul and {Balch-Lindsay}, Dylan},
	journal = {International Organization},
	number = {02},
	pages = {375--407},
	publisher = {{Cambridge Univ Press}},
	title = {``{{Draining}} the Sea'': Mass Killing and Guerrilla Warfare},
	volume = {58},
	year = {2004}}

@book{Valentino:2004ab,
	address = {{Ithaca}},
	author = {Valentino, Benjamin A},
	publisher = {{Cornell University Press}},
	title = {Final Solutions: {{Mass}} Killing and Genocide in the 20th {{Century}}},
	year = {2004}}

@article{Valentino:2014aa,
	author = {Valentino, Benjamin A},
	journal = {Annual Review of Political Science},
	keywords = {= Lit reviews,g > OSV},
	pages = {89--103},
	publisher = {{Annual Reviews}},
	title = {Why We Kill: {{The}} Political Science of Political Violence against Civilians},
	volume = {17},
	year = {2014}}

@article{Vega:2014aa,
	author = {Vega, Ruben},
	journal = {Mundos do Trabalho},
	number = {11},
	pages = {225--252},
	title = {Instinto de Clase y Resistencias Obreras En {{Asturias}} Bajo La Dictadura Franquista},
	volume = {6},
	year = {2014}}

@book{Vilanova:1986aa,
	address = {{Barcelona}},
	author = {Vilanova, Merc{\`e}},
	publisher = {{Fundaci\'o Jaume Bofill}},
	title = {Atlas Electoral de {{Catalunya}} Durant La {{Segona Rep\'ublica}}: Orientaci\'o Del Vot, Participaci\'o i Abstenci\'o},
	year = {1986}}

@article{Villamil:2021aa,
	author = {Villamil, Francisco},
	date-modified = {2021-03-15 13:36:26 +0100},
	journal = {Journal of Peace Research},
	volume = {58},
	number = {3},
	pages = {399--416},
	title = {{Mobilizing memories: The social conditions of the long-term impact of victimization}},
	year = {2021}}

@book{Vines:1996aa,
	author = {Vines, Alex},
	publisher = {{James Currey}},
	title = {Renamo: From Terrorism to Democracy in {{Mozambique}}},
	year = {1996}}

@article{Vogt:2015aa,
	author = {Vogt, Manuel and Bormann, Nils-Christian and R{\"u}egger, Seraina and Cederman, Lars-Erik and Hunziker, Philipp and Girardin, Luc},
	journal = {Journal of Conflict Resolution},
	keywords = {= Data},
	number = {7},
	pages = {1327--1342},
	publisher = {{SAGE Publications}},
	title = {Integrating {{Data}} on {{Ethnicity}}, {{Geography}}, and {{Conflict}}: {{The Ethnic Power Relations Data Set Family}}},
	volume = {59},
	year = {2015}}

@article{Vogt:2015ab,
	author = {Vogt, Manuel},
	journal = {Latin American Politics and Society},
	number = {1},
	pages = {29--50},
	publisher = {{Wiley Online Library}},
	title = {The {{Disarticulated Movement}}: {{Barriers}} to {{Maya Mobilization}} in {{Post}}-{{Conflict Guatemala}}},
	volume = {57},
	year = {2015}}

@book{Vogt:2019aa,
	author = {Vogt, Manuel and {S{\'a}enz de Tejada}, Ricardo},
	title = {The {{Political Futility}} of {{Counterinsurgency}}: {{State Violence}} and {{Electoral Support}} for the {{Left}} in {{Guatemala}}},
	year = {2019}}

@article{Voigtlander:2012aa,
	author = {Voigtl{\"a}nder, Nico and Voth, Hans-Joachim},
	journal = {The Quarterly Journal of Economics},
	number = {3},
	pages = {1339--1392},
	publisher = {{Oxford University Press}},
	title = {Persecution Perpetuated: {{The}} Medieval Origins of Anti-{{Semitic}} Violence in {{Nazi Germany}}},
	volume = {127},
	year = {2012}}

@article{Voors:2012aa,
	author = {Voors, Maarten J and Nillesen, Eleonora EM and Verwimp, Philip and Bulte, Erwin H and Lensink, Robert and Van Soest, Daan P},
	journal = {The American Economic Review},
	keywords = {postwar > attit/behavior,region > SS Africa,unit > individual},
	number = {2},
	pages = {941--964},
	publisher = {{American Economic Association}},
	title = {Violent Conflict and Behavior: {{A}} Field Experiment in {{Burundi}}},
	volume = {102},
	year = {2012}}

@article{Walsh:2003aa,
	author = {Walsh, Froma},
	journal = {Family process},
	number = {1},
	pages = {1--18},
	publisher = {{Wiley Online Library}},
	title = {Family Resilience: {{A}} Framework for Clinical Practice},
	volume = {42},
	year = {2003}}

@book{Walsh:2004aa,
	address = {{Chicago}},
	author = {Walsh, Katherine Cramer},
	publisher = {{University of Chicago Press}},
	title = {Talking about Politics: {{Informal}} Groups and Social Identity in {{American}} Life},
	year = {2004}}

@article{Walsh:2007aa,
	author = {Walsh, Froma},
	journal = {Family process},
	number = {2},
	pages = {207--227},
	publisher = {{Wiley Online Library}},
	title = {Traumatic Loss and Major Disasters: {{Strengthening}} Family and Community Resilience},
	volume = {46},
	year = {2007}}

@article{Walter:1997aa,
	author = {Walter, Barbara F},
	journal = {International organization},
	keywords = {g > recurrence},
	number = {03},
	pages = {335--364},
	publisher = {{Cambridge Univ Press}},
	title = {The Critical Barrier to Civil War Settlement},
	volume = {51},
	year = {1997}}

@book{Walter:2002aa,
	author = {Walter, Barbara F},
	publisher = {{Princeton University Press}},
	title = {Committing to Peace: {{The}} Successful Settlement of Civil Wars},
	year = {2002}}

@article{Walter:2004aa,
	author = {Walter, Barbara F},
	journal = {Journal of Peace Research},
	keywords = {g > recurrence},
	number = {3},
	pages = {371--388},
	publisher = {{Sage Publications}},
	title = {Does Conflict Beget Conflict? {{Explaining}} Recurring Civil War},
	volume = {41},
	year = {2004}}

@article{Walter:2009aa,
	author = {Walter, Barbara F},
	journal = {Annual Review of Political Science},
	pages = {243--261},
	publisher = {{Annual Reviews}},
	title = {Bargaining Failures and Civil War},
	volume = {12},
	year = {2009}}

@article{Walter:2011aa,
	author = {Walter, Barbara F},
	journal = {World Development Report},
	keywords = {g > recurrence},
	pages = {8--23},
	title = {Conflict Relapse and the Sustainability of Post-Conflict Peace},
	year = {2011}}

@article{Warren:2015aa,
	author = {Warren, T Camber},
	journal = {Journal of Peace Research},
	number = {3},
	pages = {297--311},
	publisher = {{SAGE Publications Sage UK: London, England}},
	title = {Explosive Connections? {{Mass}} Media, Social Media, and the Geography of Collective Violence in {{African}} States},
	volume = {52},
	year = {2015}}

@article{Wayland:2016aa,
	author = {Wayland, Joshua and Kuniholm, Matthew},
	journal = {The Extractive Industries and Society},
	keywords = {postwar > attit/behavior,postwar > polit preferences,region > Latin America,unit > subnational},
	number = {2},
	pages = {395--403},
	publisher = {{Elsevier}},
	title = {Legacies of Conflict and Natural Resource Resistance in {{Guatemala}}},
	volume = {3},
	year = {2016}}

@article{Weidmann:2013aa,
	author = {Weidmann, Nils B and Z{\"u}rcher, Christoph},
	journal = {Civil Wars},
	keywords = {postwar > polit preferences,region > Asia,unit > individual},
	number = {1},
	pages = {1--18},
	publisher = {{Taylor \& Francis}},
	title = {How {{Wartime Violence Affects Social Cohesion}}: {{The Spatial}}\textendash{{Temporal Gravity Model}}},
	volume = {15},
	year = {2013}}

@article{Weidmann:2015aa,
	author = {Weidmann, Nils B},
	journal = {Journal of Peace Research},
	number = {3},
	pages = {285--296},
	publisher = {{SAGE Publications Sage UK: London, England}},
	title = {Communication Networks and the Transnational Spread of Ethnic Conflict},
	volume = {52},
	year = {2015}}

@article{Weidmann:2016aa,
	author = {Weidmann, Nils B},
	journal = {American Journal of Political Science},
	number = {1},
	pages = {206--218},
	publisher = {{Wiley Online Library}},
	title = {A Closer Look at Reporting Bias in Conflict Event Data},
	volume = {60},
	year = {2016}}

@book{Weinstein:2006aa,
	address = {{New York}},
	author = {Weinstein, Jeremy M},
	publisher = {{Cambridge University Press}},
	title = {Inside Rebellion: {{The}} Politics of Insurgent Violence},
	year = {2006}}

@article{Weintraub:2015aa,
	author = {Weintraub, Michael and Vargas, Juan F and Flores, Thomas E},
	journal = {Research \& Politics},
	keywords = {postwar > polit preferences,region > Latin America,unit > subnational},
	number = {2},
	pages = {2053168015573348},
	publisher = {{SAGE Publications}},
	title = {Vote Choice and Legacies of Violence: Evidence from the 2014 {{Colombian}} Presidential Elections},
	volume = {2},
	year = {2015}}

@incollection{Wickham-Crowley:2015aa,
	address = {{New York}},
	author = {{Wickham-Crowley}, Timothy P},
	booktitle = {Rebel {{Governance}} in {{Civil War}}},
	editor = {Arjona, Ana and Kasfir, Nelson and Mampilly, Zachariah},
	pages = {47--73},
	publisher = {{Cambridge University Press}},
	title = {Del Gobierno de Abajo al Gobierno de Arriba... and Back: {{Transitions}} to and from Rebel Governance in {{Latin America}}, 1956-1990},
	year = {2015}}

@article{Wig:2016aa,
	author = {Wig, Tore and Tollefsen, Andreas For{\o}},
	journal = {Political Geography},
	keywords = {g > civil war,g > governance},
	pages = {30--42},
	publisher = {{Elsevier}},
	title = {Local Institutional Quality and Conflict Violence in {{Africa}}},
	volume = {53},
	year = {2016}}

@article{Wilson:2019aa,
	author = {Wilson, Chris and Akhtar, Shahzad},
	journal = {Third World Quarterly},
	number = {4},
	pages = {710--726},
	publisher = {{Taylor \& Francis}},
	title = {Repression, Co-Optation and Insurgency: {{Pakistan}}'s {{FATA}}, {{Southern Thailand}} and {{Papua}}, {{Indonesia}}},
	volume = {40},
	year = {2019}}

@book{Wittenberg:2006aa,
	address = {{New York}},
	author = {Wittenberg, Jason},
	publisher = {{Cambridge University Press}},
	title = {Crucibles of Political Loyalty: {{Church}} Institutions and Electoral Continuity in {{Hungary}}},
	year = {2006}}

@book{Wood:2003aa,
	address = {{Cambridge}},
	author = {Wood, Elisabeth Jean},
	keywords = {g > civil war,g > collective action,region > Latin America,unit > quali case study},
	publisher = {{Cambridge University Press}},
	title = {Insurgent Collective Action and Civil War in {{El Salvador}}},
	year = {2003}}

@article{Wood:2008aa,
	author = {Wood, Elisabeth Jean},
	journal = {Annual Review of Political Science},
	keywords = {= Lit reviews},
	pages = {539--561},
	publisher = {{Annual Reviews}},
	title = {The Social Processes of Civil War: {{The}} Wartime Transformation of Social Networks},
	volume = {11},
	year = {2008}}

@article{Wood:2010aa,
	author = {Wood, Reed M},
	journal = {Journal of Peace Research},
	number = {5},
	pages = {601--614},
	publisher = {{Sage Publications}},
	title = {Rebel Capability and Strategic Violence against Civilians},
	volume = {47},
	year = {2010}}

@incollection{Wood:2010ab,
	address = {{Antwerp, Oxford, Portland}},
	author = {Wood, Elisabeth J.},
	booktitle = {Collective Violence and International Criminal Justice: {{An}} Interdisciplinary Approach},
	editor = {Smeulers, Alette},
	pages = {297--324},
	publisher = {{Intersentia}},
	title = {Sexual Violence during War: {{Variation}} and Accountability},
	year = {2010}}

@incollection{Wood:2015aa,
	author = {Wood, Elisabeth J.},
	booktitle = {The {{Oxford Handbook}} of {{Social Movements}}},
	editor = {della Porta, Donatella and Diani, Mario},
	keywords = {= Lit reviews},
	pages = {452--466},
	publisher = {{Oxford University Press}},
	title = {Social Mobilization and Violence in Civil War and Their Social Legacies},
	year = {2015}}

@book{Wooldridge:2010aa,
	author = {Wooldridge, Jeffrey M},
	keywords = {= Methods},
	publisher = {{MIT press}},
	title = {Econometric Analysis of Cross Section and Panel Data},
	year = {2010}}

@book{WorldBank:2019aa,
	author = {{World Bank}},
	title = {World {{Bank DataBank}}},
	year = {2019}}

@book{WorldValueSurvey:2016aa,
	author = {{World Value Survey}},
	title = {World {{Value Survey}} 1981\textendash 2014.},
	year = {2016}}

@book{Wright:2016aa,
	author = {Wright, Robin},
	title = {After the {{Islamic State}}},
	year = {2016}}

@article{Wucherpfennig:2012aa,
	author = {Wucherpfennig, J. and Metternich, Nils and Cederman, Lars-Erik and Gleditsch, Kristian Skrede},
	journal = {World Politics},
	number = {1},
	pages = {79--115},
	title = {Ethnicity, the {{State}} and the {{Duration}} of {{Civil War}}},
	volume = {64},
	year = {2012}}

@book{Young:2016aa,
	author = {Young, Lauren E},
	title = {The {{Psychology}} of {{Repression}} and {{Dissent}} in {{Autocracy}}},
	year = {2016}}

@article{Young:2019aa,
	author = {Young, Lauren E},
	journal = {American Political Science Review},
	number = {1},
	pages = {140--155},
	publisher = {{Cambridge University Press}},
	title = {The Psychology of State Repression: {{Fear}} and Dissent Decisions in {{Zimbabwe}}},
	volume = {113},
	year = {2019}}

@article{Zeigler:2015aa,
	author = {Zeigler, Sean M},
	journal = {International Studies Quarterly},
	keywords = {g > fragmentation,g > recurrence},
	number = {1},
	pages = {24--37},
	publisher = {{The Oxford University Press}},
	title = {Competitive {{Alliances}} and {{Civil War Recurrence}}},
	volume = {60},
	year = {2015}}

@article{Zeitzoff:2016aa,
	author = {Zeitzoff, Thomas},
	journal = {Conflict Management and Peace Science},
	keywords = {postwar > attit/behavior,region > MENA,unit > individual},
	number = {Online first},
	title = {Anger, {{Legacies}} of {{Violence}}, and {{Group Conflict}}: {{An Experiment}} in {{Post}}-{{Riot Acre}}, {{Israel}}},
	year = {2016}}

@book{Zhukov:2014aa,
	author = {Zhukov, Yuri M},
	keywords = {g > OSV},
	title = {Theory of Indiscriminate Violence},
	year = {2014}}

@article{Zhukov:2015aa,
	author = {Zhukov, Yuri M},
	journal = {Journal of Conflict Resolution},
	number = {7},
	pages = {1155--1185},
	publisher = {{SAGE Publications Sage CA: Los Angeles, CA}},
	title = {Population Resettlement in War: {{Theory}} and Evidence from {{Soviet}} Archives},
	volume = {59},
	year = {2015}}

@article{Zhukov:2018aa,
	author = {Zhukov, Yuri M and Talibova, Roya},
	journal = {Journal of Peace Research},
	number = {2},
	pages = {267--283},
	publisher = {{SAGE Publications Sage UK: London, England}},
	title = {Stalin's Terror and the Long-Term Political Effects of Mass Repression},
	volume = {55},
	year = {2018}}

@book{Zurcher:2013aa,
	address = {{Stanford}},
	author = {Z{\"u}rcher, Christoph and Manning, Carrie and Evenson, Kristie D and Hayman, Rachel and Riese, Sarah and Roehner, Nora},
	keywords = {g > peacebuilding},
	publisher = {{Stanford University Press}},
	title = {Costly Democracy: {{Peacebuilding}} \& Democratization after War},
	year = {2013}}

@misc{Rozenas:2021,
	author = {Rozenas, Arturas and Anastasiia Vlasenko},
	howpublished = {SSRN Working Paper. Available at https://bit.ly/3gupfro (accessed 11/06/2021).},
	title = {The Real Consequences of Symbolic Politics: Breaking the Soviet Past in Ukraine},
	year = {2021}}



@article{Grossman:2016,
	author = {Grossman, James},
	journal = {Perspectives on History},
	number = {February},
	title = {Whose Memory? Whose Monuments? History, Commemoration, and the Struggle for an Ethical Past},
	year = {2016}}

@misc{Walsh2020,
	author = {Walsh, Colleen},
	howpublished = {The Harvard Gazzette, June 19, 2020. Available at https://bit.ly/3xfS41K (accessed 11/06/2021).},
	title = {Must we allow symbols of racism on public land?},
	year = {2020}}

@misc{Ward2021,
title= {Monumental AntiRacism. A Collaborative Survey of Anti-Racist Memory Work.},
author= {Ward, Geoff},
howpublished = {Updated May 21, 2021, available at https://bit.ly/3gsg6zz (accessed 11/06/2021).},
year = {2021}}

@misc{voytas:2021,
	Author = {Voytas, Elsa},
	Howpublished = {OSF Preprints, available at https://osf.io/akz26/ (accessed 15/06/2021)},
	Title = {What Can Reparations Do? {T}he Political Consequences of Compensation},
	Year = {2021}
}
